3350 5050
552 518 685 590 268
1609 517 1884 574 Stranskii

556 676 745 723 nemo
812 661 1065 738 potest;
1142 656 1421 735 alioquin
1490 659 1984 737 exsequtorialia
2057 659 2484 724 decernentur
2554 658 2788 738 statim,
2865 663 2934 722 et

554 753 911 824 contumax,
983 751 1172 825 prout
1218 745 1469 825 meruit,
1539 747 1637 810 vel
1711 746 2121 812 mulctabitur
2195 746 2296 810 vel
2351 744 2620 810 vinculis
2678 755 2805 825 aut,
2877 745 2932 808 si

556 851 741 900 casus
785 833 853 896 id
900 834 1225 912 deposcat,
1290 852 1477 898 manu
1522 835 1784 898 militari
1835 835 2250 900 coercebitur.
2315 834 2457 898 Rex
2517 835 2711 899 etiam
2771 836 2929 914 ipse,

554 921 823 1003 perinde
882 926 953 985 ut
1014 920 1174 985 alius
1234 921 1455 1001 quivis,
1518 927 1776 988 tenetur
1835 923 1900 986 iu
1959 923 2153 987 rebus
2215 924 2643 988 controversis
2705 941 2930 988 eorum

550 1010 893 1090 cognitioni
942 1027 1018 1073 ac
1062 1009 1339 1073 decretis
1388 1016 1591 1088 stare;
1649 1028 1774 1090 quo
1821 1015 2036 1075 tamen
2081 1011 2147 1075 in
2193 1029 2366 1090 casu,
2422 1016 2495 1076 ut
2541 1011 2925 1074 conveniens

556 1097 852 1178 dignitati
899 1098 1093 1162 decus
1141 1097 1566 1177 honestasque
1615 1099 2015 1176 observetur,
2085 1099 2144 1162 in
2185 1099 2290 1179 jus
2337 1105 2470 1163 tum
2521 1117 2748 1163 vocare
2795 1105 2928 1164 tum

554 1187 768 1252 vocari
826 1187 967 1250 Rex
1033 1186 1283 1250 nonnisi
1352 1203 1469 1265 per
1526 1186 2017 1251 Procuratorem
2081 1205 2282 1267 suum,
2358 1187 2782 1251 vetustissimo
2853 1205 2929 1250 ex

554 1291 729 1340 more
776 1273 1119 1338 consuevit.
1184 1273 1580 1338 Exercendis
1631 1273 1889 1353 judiciis
1947 1276 2386 1356 superioribus
2441 1275 2710 1354 judices,
2775 1292 2932 1339 non-

556 1363 673 1427 nisi
722 1381 800 1426 ex
844 1361 1197 1438 nobilitate,
1258 1360 1665 1436 inferioribus
1729 1364 1972 1427 nonnisi
2037 1381 2114 1426 ex
2177 1364 2418 1428 civibus
2475 1362 2750 1428 maxime
2795 1362 2932 1426 ido-

556 1452 660 1514 nei
706 1451 937 1529 quique
983 1455 1051 1512 et
1095 1448 1304 1513 famae
1350 1449 1722 1529 integrioris
1771 1451 1889 1515 viri
1935 1450 2316 1530 alleguntur.
2380 1451 2662 1516 Cavetur
2715 1457 2928 1514 tamen

558 1539 990 1619 utplurimum,
1062 1555 1141 1601 ne
1206 1538 1270 1601 in
1340 1538 1657 1602 subselliis
1725 1539 1952 1603 iisdem
2020 1540 2248 1603 sedeat
2315 1538 2561 1617 collega
2617 1537 2716 1603 vel
2769 1537 2934 1602 filius

558 1627 761 1706 patris
822 1626 919 1690 vel
970 1627 1177 1689 frater
1218 1623 1461 1692 fratris,
1526 1627 1765 1692 Locum
1812 1627 1874 1690 in
1902 1627 2188 1690 concilio
2231 1633 2454 1691 tenent
2500 1645 2614 1690 suo
2663 1627 2929 1706 quisque

558 1715 803 1795 ordine,
849 1713 939 1776 illi
986 1733 1065 1777 ex
1111 1714 1345 1778 aetatis
1390 1711 1794 1793 familiaeque
1844 1716 2312 1795 praerogativa,
2361 1714 2424 1778 hi
2465 1734 2544 1780 ex
2575 1713 2930 1795 coryphae-

560 1819 739 1866 orum
796 1802 1015 1865 classis
1078 1819 1231 1865 suae
1293 1801 1751 1881 assignatione.
1824 1803 1932 1867 Uti
1989 1819 2209 1868 omnes
2274 1804 2508 1867 vestitu
2571 1803 2806 1867 decoro
2867 1807 2935 1866 et

562 1891 811 1954 incessu
880 1891 1032 1953 viris
1101 1891 1294 1969 digno
1356 1887 1665 1969 jubentur
1717 1885 1786 1968 ¹).
1859 1890 2277 1971 Superiorum
2323 1909 2430 1964 res
2478 1890 2809 1968 judicatae
2857 1907 2930 1954 ac

558 1977 913 2042 decisiones
959 1983 1139 2042 ratae
1187 1983 1335 2040 sunt
1380 1985 1445 2042 et
1494 1977 1742 2042 validae
1791 1980 2031 2057 absque
2079 1979 2534 2058 provocatione
2581 1979 2782 2056 omni3
2849 1978 2930 2042 ab

560 2067 933 2131 inferiorum
982 2067 1305 2131 sententia
1350 2085 1721 2147 provocare,
1773 2069 2058 2147 exceptis
2103 2069 2502 2147 i'acinorosiS,
2551 2065 2737 2132 nemo
2783 2084 2932 2146 pro-

556 2154 828 2220 hibetur.
902 2155 1141 2218 Cursus
1201 2171 1394 2233 porro
1457 2154 1710 2220 illorum
1773 2173 1980 2234 neque
2042 2173 2080 2220 a
2142 2155 2320 2235 Rege
2382 2173 2586 2234 neque
2651 2154 2730 2218 ab
2792 2153 2931 2233 ejus

558 2241 867 2306 ministris
934 2243 1271 2322 impedire,
1343 2261 1462 2307 nec
1522 2243 1710 2307 homo
1774 2243 2128 2323 quisquam,
2199 2243 2530 2322 quominus
2585 2242 2691 2321 jus
2751 2260 2928 2306 suum

561 2330 665 2394 via
710 2329 994 2410 legitima
1038 2331 1339 2411 persequi
1388 2331 1644 2410 audeat,
1693 2330 2046 2396 absterreri
2091 2331 2407 2396 mandatis
2452 2330 2596 2394 ullis
2636 2330 2830 2394 debet
2856 2321 2926 2402 ²).

560 2418 967 2500 Interruptus
1029 2418 1223 2483 nihilo
1281 2419 1485 2484 secius
1546 2419 1664 2484 fuit
1724 2436 1948 2484 cursus
2005 2418 2222 2484 hic'et
2269 2419 2709 2482 conticuerunt
2754 2419 2930 2497 leges

558 2507 903 2588 pleraeque
965 2526 1183 2572 omnes
1243 2507 1322 2572 ab
1372 2507 1735 2573 Wenceslai
1783 2507 1980 2587 Regis
2027 2526 2293 2575 excessu
2340 2513 2506 2573 totos
2555 2506 2924 2583 octodecim,

561 2599 707 2674 post
766 2595 1233 2675 Sigismundum
1304 2614 1339 2659 e
1402 2597 1560 2660 vivis
1618 2597 1937 2661 sublatum
2003 2602 2171 2661 totos
2241 2595 2720 2675 quatuordecim
2787 2595 2929 2675 plus

560 2684 765 2748 minus
812 2702 1007 2747 annos
1056 2703 1273 2749 verum
1318 2684 1621 2763 iniquitas
1666 2690 2026 2764 temporum
2073 2684 2343 2763 illorum,
2409 2702 2534 2749 non
2581 2683 2927 2748 incolarum

560 2772 969 2852 truculentia,
1018 2772 1303 2837 ordinem
1350 2771 1513 2837 hunc
1560 2779 1712 2837 tunc
1758 2772 2160 2836 conturbavit
2191 2790 2268 2836 ac
2298 2775 2630 2851 pervertit.
2677 2769 2930 2835 Instau-

561 2866 743 2924 ratus
790 2866 1002 2925 tamen
1050 2861 1105 2923 is
1150 2860 1287 2939 fuit,
1339 2880 1477 2925 cum
1527 2862 1606 2925 ab
1648 2861 1807 2941 Imp.
1843 2860 2247 2939 Sigismundo
2293 2852 2476 2939 (ann.
2515 2850 2747 2940 1437),
2795 2864 2928 2923 tuni

561 2967 599 3013 a
631 2947 931 3013 Ladislao
976 2949 1240 3029 regibus
1286 2940 1468 3029 (ann.
1506 2940 1718 3029 1454)
1769 2948 2032 3013 simulac
2079 2948 2438 3028 respirasse
2485 2968 2524 3013 a
2568 2948 2774 3012 turbis
2819 2948 2932 3010 ali·

492 3072 503 3081 -
565 3038 937 3115 quantulum
986 3035 1389 3117 respublicae
1438 3044 1537 3101 est
1586 3039 1736 3101 visa.
1801 3038 1962 3101 Sunt
2005 3055 2198 3117 porro
2247 3038 2660 3117 magistratus
2705 3035 2810 3101 isti
2857 3052 2934 3098 ac

552 3124 837 3205 judicum
885 3124 1203 3203 subsellia,
1253 3142 1416 3203 quae
1450 3124 1573 3189 dici
1601 3125 1949 3207 Superiora
1981 3124 2271 3202 diximuS,
2319 3123 2584 3204 proprie
2619 3122 2931 3203 quaedam

561 3212 785 3293 Regia,
834 3214 1148 3291 quaedam
1182 3212 1519 3293 popularia
1550 3232 1662 3277 seu
1687 3214 2074 3291 Terrestria,
2123 3213 2394 3290 ideoque
2441 3212 2702 3291 capiunt
2741 3210 2934 3289 juris-

565 3300 909 3365 dictionem
975 3301 1137 3365 haec
1205 3302 1461 3379 quidem
1530 3320 1569 3365 a
1635 3301 1888 3382 populo,
1961 3300 2070 3365 illa
2133 3319 2281 3365 vero
2337 3319 2376 3363 a
2423 3300 2622 3379 Rege.
2695 3300 2934 3365 Occur-

561 3390 853 3454 rentibus
898 3389 1108 3454 causis
1156 3388 1538 3470 difficilibus,
1612 3407 1904 3469 quaeque
1972 3388 2222 3453 altioris
2285 3396 2432 3453 sunt
2491 3386 2808 3467 indaginis
2871 3392 2939 3451 et

566 3477 928 3554 intricatae,
977 3476 1218 3543 habent
1265 3477 1345 3540 ad
1392 3476 1694 3557 Magnum
1741 3477 1948 3557 Regni
1995 3477 2296 3541 Senatum
2346 3474 2678 3557 praesides
2725 3480 2937 3541 caete-

563 3584 781 3631 rorum
850 3566 1261 3631 tribunalium
1329 3583 1547 3630 omnes
1617 3567 1682 3629 in
1748 3564 2127 3631 definiendis
2181 3565 2389 3629 dubiis
2440 3582 2790 3643 recursum,
2860 3582 2938 3627 ex

565 3655 828 3734 ejusque
909 3654 1234 3735 responsis
1309 3654 1688 3718 sententiam
1767 3654 1862 3718 liti
1939 3653 2335 3718 decidendae
2412 3651 2642 3717 ferunt.
2735 3652 2940 3731 Regia

556 3741 801 3820 judic-ia
848 3760 1001 3822 pars
1047 3762 1125 3806 ex
1170 3742 1529 3807 Baronibus
1576 3748 1890 3821 constant,
1945 3760 2100 3823 pars
2145 3760 2224 3807 ex
2273 3741 2634 3820 Equitibus,
2690 3758 2940 3805 eorum-

568 3850 689 3911 que
760 3849 1058 3896 numerus
1127 3832 1323 3909 Regis
1393 3831 1662 3896 arbitrio
1734 3831 1941 3911 major
2009 3849 2151 3895 esse
2218 3835 2471 3910 protest
2537 3827 2635 3893 vel
2707 3830 2940 3904 min0r;

566 3920 1015 3998 'l'errestriu1n,
1078 3925 1150 3984 ut
1206 3919 1310 3998 qui
1372 3919 1619 3999 legibus
1683 3925 1782 3983 est
1841 3916 2158 3999 definitus,
2231 3936 2355 3981 non
2414 3922 2643 3998 potest.
2707 3916 2940 3980 Certae

565 4026 815 4087 quoque
863 4014 1010 4071 sunt
1055 4026 1131 4071 ac
1180 4004 1477 4071 definitae
1528 4025 1783 4086 causae,
1851 4024 2008 4085 quas
2055 4008 2135 4071 ab
2183 4006 2282 4070 his
2329 4004 2429 4070 vel
2476 4004 2599 4068 illis
2646 4002 2940 4083 cognosci

566 4096 845 4176 majores
895 4094 1247 4161 voluerunt.
1306 4094 1611 4160 Consulta
1658 4101 2073 4173 utrorumque
2119 4114 2239 4175 per
2287 4099 2746 4173 consurgentes
2795 4110 2941 4158 con-

562 4186 691 4249 cilii
744 4184 1045 4266 collegaS,
1107 4184 1397 4248 Barones
1462 4178 1599 4259 (ubi
1655 4202 1734 4247 ex
1793 4184 1954 4262 legis
2017 4182 2421 4247 ordinatione
2485 4182 2529 4243 ii
2593 4179 2940 4257 intersunt)

568 4272 743 4352 duOS,
815 4272 1243 4352 Equitemque
1316 4291 1503 4336 unum
1567 4272 1963 4352 promulgari
2021 4289 2156 4335 mos
2209 4278 2344 4349 est;
2413 4269 2944 4347 strictissimaque

564 4368 666 4427 est
711 4378 788 4425 ac
831 4378 1143 4442 perquam
1192 4360 1463 4439 diligens
1508 4359 1696 4440 hujus
1743 4360 1937 4425 moris
1983 4360 2369 4424 observatio,

766 4556 813 4623 Ι)
853 4554 1045 4608 Comit.
1086 4570 1210 4607 ann.
1258 4557 1407 4611 ¹615.
1482 4551 1534 4621 Ἰ)
1575 4554 1766 4607 Comit.
1809 4570 1932 4607 ann.
1973 4556 2126 4611 1575.
2169 4554 2370 4621 [lagae.
2417 4568 2546 4613 ann,
2589 4552 2739 4609 1250.
