3350 5050
1471 537 1578 594 Tit.
1618 537 1797 594 xxn.
2747 543 2832 612 45

452 695 647 742 causa
692 696 733 741 a
777 676 1044 757 proprio
1091 677 1228 743 viro
1273 677 1468 744 fuerit
1512 684 1838 760 separata,
1885 685 2020 744 tum
2070 683 2269 744 totam
2318 681 2531 746 dotem
2578 683 2827 763 recipit.

454 763 653 830 Sicuti
700 767 865 830 enim
915 764 1122 831 soluto
1170 768 1573 832 matrimonio
1618 767 1880 832 donatio
1926 775 2196 848 propter
2242 770 2499 851 nuptias
2546 771 2716 836 redit
2748 770 2828 834 ad

454 854 678 931 virum,
724 854 816 918 ita
866 850 981 917 dos
1027 855 1198 918 redit
1244 855 1325 919 ad
1374 855 1727 920 mulierem.

645 941 769 1006 Hic
836 941 1066 1020 aliquis
1134 943 1416 1023 objicere
1484 937 1732 1023 posset:
1806 945 2046 1008 Tamen
2118 941 2182 1008 in
2257 944 2831 1010 constitutionibus

451 1029 668 1095 Caroli
713 1027 932 1108 Magni
980 1030 1420 1112 Imperatoris,
1470 1031 1575 1111 qui
1622 1033 1869 1113 primus
1914 1031 2053 1104 fuit,
2118 1032 2225 1109 qui
2273 1051 2343 1096 se
2388 1033 2637 1098 fecerat
2665 1040 2825 1097 tem-

449 1136 608 1199 pore
630 1117 894 1182 Adriani
923 1115 1251 1184 Pontificis
1275 1119 1546 1183 Romani
1579 1120 1799 1200 inungi
1820 1122 1989 1186 inter
2016 1121 2463 1203 irnperatoreS‚
2497 1125 2827 1198 statutum,

451 1223 844 1272 concernens
892 1202 1199 1286 SaxoneS‚
1261 1207 1358 1272 his
1419 1207 1628 1271 verbis
1685 1209 1990 1274 habetur:
2038 1207 2277 1272 Mulier
2336 1227 2457 1290 per
2513 1210 2829 1272 luxuriam

451 1296 549 1359 sui
619 1293 907 1374 eorporis
974 1300 1192 1375 potest
1251 1295 1487 1359 famam
1557 1313 1739 1359 suam
1802 1285 2164 1376 denigrare,
2226 1296 2378 1374 jura
2440 1301 2655 1361 autem
2712 1315 2832 1360 sua

451 1388 802 1464 propterea
847 1396 972 1445 non
1019 1382 1272 1463 perdet,
1320 1401 1529 1462 neque
1575 1383 2029 1449 hereditatem.
2091 1383 2218 1448 Sed
2266 1384 2612 1464 sciendum,
2662 1385 2829 1464 quod

452 1489 530 1535 ea
578 1470 806 1536 saltem
856 1469 1290 1549 procedebant
1333 1471 1398 1534 in
1437 1472 1668 1550 soluta,
1730 1477 1795 1536 et
1839 1491 1963 1537 non
2012 1473 2073 1536 in
2122 1471 2419 1537 adultera
2464 1473 2565 1537 vel
2608 1477 2828 1552 nupta.

448 1561 660 1640 Atque
705 1559 899 1623 etiam
949 1557 1220 1622 Carolus
1265 1558 1330 1624 id
1379 1559 1746 1624 admississe
1791 1559 2047 1624 videtur
2080 1559 2162 1624 ad
2210 1558 2577 1624 evitandum
2625 1559 2830 1638 majus

451 1648 708 1724 malum,
755 1647 943 1711 sicuti
971 1646 1214 1711 Moises
1242 1647 1537 1728 permisit
1569 1647 1915 1728 aliquando
1945 1647 2212 1712 Judaeis
2245 1648 2525 1713 libellum
2556 1649 2831 1728 repudii,

453 1755 536 1800 ne
583 1753 732 1799 suas
765 1732 1205 1799 interficerent
1235 1752 1487 1815 uxoreS‚
1525 1742 1592 1800 et
1634 1736 2046 1802 immolarent
2078 1755 2229 1801 vero
2262 1737 2419 1815 Deo,
2470 1737 2638 1802 inter
2668 1734 2830 1800 alias

451 1841 680 1888 causas
726 1827 1093 1904 propterea,
1141 1841 1222 1886 ne
1271 1823 1430 1888 alias
1463 1823 1864 1889 declinarent
1896 1823 1980 1887 ad
2026 1823 2216 1890 idola.
2265 1825 2494 1904 Itaque
2539 1824 2651 1890 illa
2682 1843 2826 1890 con·

449 1913 694 1977 stitutio
743 1929 868 1975 non
918 1914 1018 1975 est
1064 1911 1155 1975 sic
1190 1910 1582 1992 accipienda,
1617 1911 1785 1991 quod
1818 1911 2046 1976 mulier
2078 1911 2375 1976 adultera
2405 1931 2529 1977 non
2562 1911 2832 1978 deberet

457 2001 736 2081 perdere
768 1999 1014 2062 lucrum
1046 1997 1223 2079 illud,
1272 2000 1442 2079 quod
1489 2019 1564 2064 ex
1598 2000 1837 2081 nuptiis
1884 2017 1923 2064 a
1951 2001 2183 2065 marito
2212 1998 2437 2065 fuisset
2472 2007 2830 2067 consecuta.

1374 2193 1516 2262 XV.
1563 2195 1897 2278 Regula.

657 2329 892 2396 Mulier
947 2332 1193 2397 nubens
1251 2328 1418 2393 infra
1477 2346 1712 2394 annum
1774 2327 2129 2408 lugubrem,
2184 2328 2509 2394 infamiam
2566 2347 2691 2394 non
2737 2331 2833 2394 in-

459 2417 682 2483 currit.
755 2418 1082 2498 Siquidem
1140 2416 1486 2498 Apostolus
1548 2417 1735 2481 dicit:
1784 2416 2030 2481 Mulier
2098 2425 2349 2483 mortuo
2412 2419 2547 2482 viro
2630 2417 2838 2481 soluta

448 2511 553 2571 est
597 2505 846 2588 legibus
905 2513 971 2573 et
1015 2506 1217 2581 habet
1281 2509 1670 2587 potestatem
1737 2505 2018 2571 nubendi
2072 2506 2137 2572 in
2186 2507 2479 2587 Domin0,
2542 2505 2841 2571 videlicet

457 2613 584 2659 non
634 2596 1035 2661 obstantibus
1081 2594 1346 2676 legibuS,
1410 2613 1574 2675 quae
1618 2593 1970 2675 prohibent
2024 2597 2279 2677 nuptias
2328 2594 2618 2660 contrahi
2670 2594 2838 2659 infra

452 2702 703 2748 annum.

1361 2814 1532 2881 XVI.
1579 2814 1918 2894 Regula.

648 2948 1059 3013 Matrimonia
1122 2947 1363 3013 debent
1420 2965 1560 3012 esse
1618 2946 1857 3027 libera;
1927 2965 2075 3013 nam
2132 2953 2307 3013 metu
2365 2954 2432 3013 et
2493 2948 2829 3014 coactione

454 3040 790 3101 contracta
856 3037 994 3117 ipso
1063 3034 1211 3115 iure
1279 3040 1428 3099 sunt
1489 3035 1679 3101 nulla.
1752 3034 2029 3100 Proinde
2098 3038 2152 3101 si
2222 3054 2375 3117 pars
2432 3036 2833 3117 sponsalibus

461 3124 701 3189 coactis
761 3130 1012 3204 renuat,
1072 3125 1285 3206 potius
1346 3130 1448 3188 est
1503 3124 1817 3189 monenda
1865 3142 2057 3204 quam
2115 3124 2421 3207 cogenda,
2485 3131 2555 3188 ut
2613 3124 2831 3188 datam

451 3209 642 3379 {gem
714 3218 968 3291 servet;
1042 3212 1406 3380 c)oactiones
1482 3230 1715 3292 nempe
1782 3210 2069 3277 difficiles
2148 3212 2503 3278 sortiuntur
2570 3212 2835 3276 effectus

547 3351 562 3365 .
613 3299 716 3365 34.
769 3301 942 3366 Diet.
995 3302 1052 3368 1.

646 3387 832 3454 Licet
869 3389 1164 3470 conjugia
1197 3389 1476 3453 debeant
1506 3406 1647 3453 esse
1679 3388 1903 3467 libera,
1937 3396 2151 3453 tamen
2184 3388 2531 3453 secundum
2558 3387 2828 3453 Constit.

455 3476 670 3540 Caroli
716 3476 932 3555 Quinti
978 3478 1138 3559 Imp.
1187 3477 1422 3541 factam
1483 3478 1548 3540 in
1595 3478 1725 3541 suis
1772 3475 2182 3542 hereditariis
2226 3478 2464 3556 regnis,
2528 3494 2716 3555 quam
2767 3481 2835 3539 et

456 3582 572 3629 nos
617 3566 964 3645 sequimur,
1011 3565 1323 3646 ejusmodi
1365 3565 1607 3629 liberae
1643 3564 1958 3629 voluntati
1992 3582 2240 3644 quoquc
2274 3564 2586 3629 accedere
2638 3563 2833 3627 (lebet

455 3669 798 3718 consensus
857 3659 1224 3735 parentum,
1284 3654 1384 3718 vel
1433 3671 1675 3732 eorum,
1740 3653 1847 3732 qui
1892 3659 2234 3733 parentum
2292 3652 2431 3717 loco
2478 3651 2827 3730 habentur3

459 3758 643 3804 secus
700 3741 866 3806 enim
909 3741 1218 3807 facientes
1261 3740 1340 3806 de
1379 3742 1524 3822 jure
1570 3745 1790 3807 nostro
1836 3740 2217 3806 exheredari
2247 3747 2513 3822 possunt
2584 3730 2684 3819 (O.
2719 3738 2823 3805 35.

452 3830 578 3893 Jua
625 3830 816 3896 Prov.
871 3828 924 3894 I.
972 3821 1122 3912 59.)

1347 3965 1549 4031 XVII.
1600 3965 1931 4049 Regula.

651 4100 718 4166 Si
765 4102 1093 4183 contingat
1150 4100 1363 4181 aliqua
1410 4121 1487 4166 ex
1543 4119 1741 4167 causa
1785 4102 2070 4183 legitima
2124 4102 2292 4167 inter
2339 4100 2641 4182 conjuges
2688 4101 2829 4168 fieri

457 4188 819 4269 divortium,
868 4190 1053 4255 liberi
1103 4208 1178 4255 ex
1225 4191 1302 4255 iis
1340 4190 1475 4255 nati
1522 4210 1636 4271 pro
1682 4191 1985 4269 legitimis
2030 4190 2351 4255 habentur
2396 4180 2509 4271 (F.
2556 4181 2702 4269 45.)

649 4279 951 4359 Legitimi
1008 4279 1195 4344 liberi
1253 4279 1334 4343 de
1384 4279 1531 4358 jure
1594 4284 1812 4343 nostro
1882 4279 2295 4343 declarantur
2352 4283 2466 4341 aut
2509 4297 2630 4360 per
2678 4298 2828 4344 con-

451 4365 788 4432 fessionem
860 4375 1199 4449 parentum
1269 4358 1380 4446 (F.
1434 4366 1535 4431 43.
1605 4367 1777 4431 Dist.
1835 4368 1888 4431 1.
1896 4358 1955 4447 )‚
2030 4375 2143 4430 aut
2208 4385 2325 4447 per
2394 4367 2823 4433 testimonium

453 4456 720 4521 duorum
769 4456 1068 4534 virorum,
1126 4457 1233 4536 qui
1281 4454 1684 4535 sponsalibus
1730 4454 2160 4518 interfuerunt
2206 4448 2449 4534 (b143.
2490 4455 2658 4520 Dici.
2694 4454 2753 4519 2.
2764 4447 2819 4534 ),

454 4548 568 4608 aut
611 4563 731 4625 per
775 4543 1201 4609 instrumenta
1247 4541 1503 4624 publica
1547 4534 1660 4622 (P.
1715 4533 1878 4622 44).
