3350 5050
595 474 678 541 (34
1389 469 1454 524 V.
1495 468 1833 538 ophthalmii
1870 468 2180 526 Processus.

792 610 1200 690 Delinquitur
1227 613 1474 672 autem:
1505 609 1634 675 Aut
1663 612 2013 691 proposito,
2046 614 2115 674 et
2146 609 2237 674 ita
2261 608 2640 689 delinquunt
2662 610 2968 690 latroneS,

593 702 702 779 qui
744 699 1086 764 factionem
1120 695 1376 761 habent.
1425 699 1555 762 Aut
1583 699 1847 778 impetu,
1898 717 2091 777 quum
2124 716 2243 778 per
2274 697 2658 762 ebrietatem
2708 703 2775 763 et
2804 698 2967 763 iram

592 788 674 852 ad
719 805 944 851 manus
1007 785 1106 848 vel
1151 784 1232 847 ad
1281 781 1519 849 ferrum
1571 787 1841 850 venitur.
1906 787 2035 850 Aut
2082 803 2253 864 casu,
2316 791 2387 848 ut
2448 786 2502 848 si
2564 786 2627 849 in
2676 787 2965 851 venando

534 871 540 878 ’
591 878 785 942 telum
835 875 898 938 in
943 873 1148 938 feram
1208 871 1487 950 missum,
1537 873 1855 938 hominem
1904 873 2225 940 interficit.
2294 875 2422 939 Aut
2478 873 2667 954 fact0,
2731 879 2802 938 ut
2858 875 2968 956 qui

592 983 717 1030 non
748 963 1084 1028 lacessitus
1115 961 1378 1040 propria
1408 963 1756 1026 autoritate
1788 963 1851 1025 in
1886 962 2251 1044 quempiam
2282 962 2491 1040 irruit,
2530 961 2967 1026 insolentiam-

593 1071 716 1132 que
779 1051 1059 1130 aliquam
1121 1049 1460 1112 committit
1521 1039 1646 1128 (M.
1700 1051 1759 1114 6.
1812 1051 1984 1116 Diet.
2036 1051 2125 1130 2.,
2174 1049 2261 1130 3.,
2312 1053 2367 1116 4.
2424 1058 2481 1112 et
2522 1043 2627 1128 6.)
2696 1050 2786 1112 Et
2846 1069 2969 1114 non

593 1141 792 1204 solum
845 1136 1158 1216 delinquit
1205 1137 1312 1215 qui
1359 1136 1701 1217 malefacit,
1752 1139 1866 1202 sed
1916 1146 1983 1202 et
2029 1140 2083 1202 is
2130 1139 2239 1217 qui
2290 1137 2575 1202 malefico
2622 1137 2971 1216 consilium,

592 1247 778 1309 opem
827 1231 894 1290 et
939 1224 1260 1303 auxilium,
1330 1225 1709 1290 occultando
1754 1227 1961 1308 ipsum
2030 1231 2098 1290 et
2148 1225 2391 1304 jndicio
2458 1245 2587 1289 non
2654 1225 2969 1290 tradendo

589 1321 909 1397 praestat;
958 1315 1133 1391 item,
1185 1313 1292 1391 qui
1339 1312 1695 1379 maleficum
1742 1315 1993 1395 recipit,
2044 1313 2143 1380 vel
2189 1333 2324 1378 rem
2359 1313 2658 1378 furtivam
2692 1315 2973 1378 scienter

591 1405 672 1468 ab
720 1422 796 1490 eo
828 1403 1000 1467 emit.
1053 1399 1228 1464 'ralis
1260 1419 1490 1481 nempe
1522 1404 1733 1466 socius
1768 1403 2050 1468 criminis
2084 1402 2339 1482 dicitur,
2377 1401 2733 1480 eademque
2764 1419 2973 1480 poena

594 1510 736 1557 cum
788 1487 1123 1570 principali
1169 1487 1432 1567 punitur
1501 1483 1624 1568 (H.
1674 1492 1774 1556 11.
1845 1491 1997 1554 Dis!
2040 1489 2103 1554 3.
2167 1489 2239 1554 U.
2285 1489 2387 1556 31.
2440 1489 2610 1554 Dist.
2661 1489 2722 1554 2.
2796 1487 2878 1554 N.
2929 1489 2975 1552 8

591 1588 648 1643 et
693 1581 751 1646 9.
807 1579 876 1643 Ρ.
930 1578 988 1642 5.
1043 1584 1098 1639 et
1143 1579 1200 1640 (ἰ.
1251 1575 1378 1641 Jua
1425 1577 1616 1643 Prov.
1671 1579 1748 1644 L.
1802 1581 1900 1643 17.
1956 1579 2029 1643 L.
2080 1577 2184 1643 24.
2241 1579 2314 1642 L.
2364 1569 2515 1656 33.)

783 1668 990 1744 Quum
1036 1664 1101 1728 in
1150 1663 1474 1729 maleficiis
1541 1682 1799 1747 semper
1844 1673 2293 1746 praesumatur
2356 1666 2497 1747 plus
2547 1665 2731 1730 dolus
2779 1682 2969 1744 quam

589 1775 776 1822 casus
826 1761 892 1818 et
939 1753 1312 1817 attendatur
1349 1755 1697 1835 praecipue
1748 1756 1995 1818 animus
2052 1753 2480 1833 delinquentis
2527 1754 2734 1832 magis
2781 1769 2971 1830 quam

588 1851 790 1923 actuS,
852 1839 1165 1922 siquidem
1226 1840 1518 1906 voluntas
1580 1847 1647 1905 et
1706 1844 2099 1924 propositum
2164 1842 2560 1923 distinguunt
2619 1839 2968 1904 maleficia:

588 1932 732 1998 ideo
779 1932 844 1995 in
880 1929 1149 2004 delictis,
1201 1927 1412 2008 quoad
1444 1947 1716 2009 poenam
1764 1931 2213 2010 imponendam
2248 1929 2667 2009 delinquenti,
2716 1933 2787 1992 ut
2830 1927 2971 2008 plu-

587 2021 816 2084 rimum
865 2015 1368 2080 considerandae
1415 2023 1563 2080 sunt
1595 2019 2135 2098 circumstantiae,
2188 2018 2267 2081 de
2300 2017 2531 2097 quibus
2582 2017 2726 2080 vide
2758 2016 2961 2096 M.5.‚

585 2109 672 2188 8.,
721 2111 808 2188 9.,
863 2107 986 2184 10.,
1040 2103 1136 2168 11.
1190 2112 1246 2166 et
1293 2103 1393 2168 12.

785 2193 1137 2274 Impunitas
1184 2191 1400 2256 delicti
1448 2200 1717 2275 propter
1775 2201 2055 2258 aetatem
2116 2213 2241 2276 non
2287 2195 2498 2272 datur,
2559 2194 2611 2256 si
2660 2191 2845 2256 modo
2902 2193 2965 2255 in

587 2302 667 2348 ea
712 2285 855 2364 quis
914 2284 1019 2358 sit,
1085 2279 1146 2341 in
1209 2299 1397 2360 quam
1459 2283 1723 2360 crimen,
1786 2283 1955 2363 quod
2012 2283 2385 2361 intenditur,
2450 2281 2683 2346 cadere
2732 2286 2965 2360 potest.

786 2371 971 2435 Licet
1017 2387 1094 2432 ex
1143 2368 1429 2446 generali
1476 2371 1933 2435 consuetudine
1994 2389 2117 2436 non
2166 2371 2263 2436 ita
2306 2370 2609 2450 puniatur
2669 2367 2967 2432 delictum

590 2465 996 2538 attentatum,
1066 2456 1234 2520 sicut
1279 2466 1805 2540 consummatum,
1854 2459 1970 2524 sed
2018 2459 2267 2525 mitius:
2340 2458 2509 2539 apud
2576 2475 2690 2521 nos
2752 2461 2967 2520 tamen

591 2551 852 2632 punitur
919 2548 1218 2621 atl'ectUS,
1291 2546 1413 2609 etsi
1481 2566 1604 2610 non
1690 2555 1996 2627 sequatur
2072 2548 2370 2627 effectus;
2450 2546 2833 2628 praesertim
2919 2544 2973 2607 si

590 2638 856 2703 affectus
902 2654 1022 2717 per
1070 2634 1308 2697 indicia
1367 2640 1434 2697 et
1477 2636 1662 2715 signa
1722 2637 2049 2700 exteriora
2092 2634 2412 2701 declarari
2473 2638 2686 2716 potest
2730 2623 2857 2712 (M.
2908 2634 2967 2696 6⁰.

589 2727 761 2791 υἱεῖ.
812 2727 870 2791 5.
935 2724 1020 2788 Ν.
1071 2722 1174 2787 29.
1241 2720 1326 2787 Ν.
1377 2722 1480 2787 30.
1547 2723 1720 2789 Dis-t.
1781 2727 1829 2788 1.
1898 2722 1976 2789 Ν.
2028 2723 2161 2805 33„
2213 2724 2340 2801 48„
2388 2714 2535 2802 49.)
2606 2722 2747 2784 Huc
2818 2720 2971 2783 illud

589 2816 884 2893 vulgare:
941 2808 1288 2892 „Quicquid
1338 2820 1536 2889 agunt
1583 2811 1891 2892 homines,
1942 2814 2207 2876 intentio
2246 2811 2494 2891 judicat
2540 2805 2819 2874 omnes.“

789 2896 1125 2981 Ejusmodi
1195 2894 1462 2961 affectus
1531 2900 1793 2979 probari
1862 2906 1929 2964 et
1997 2900 2319 2965 declarari
2387 2904 2633 2979 potest:
2701 2898 2828 2961 Aut
2895 2916 2973 2959 ex

591 2990 841 3055 indiciis
889 2984 1285 3069 propinquis,
1337 3004 1501 3063 quae
1561 2988 1913 3068 respiciunt
1956 2987 2402 3068 principaliter
2462 2986 2604 3067 ipsa
2650 2985 2840 3065 facta,
2904 2990 2976 3048 ut

589 3097 750 3142 unus
797 3077 982 3141 testis
1031 3074 1111 3139 de
1145 3072 1279 3135 viso
1315 3072 1412 3136 vel
1460 3074 1773 3139 confessio
1821 3076 1993 3141 facta
2026 3094 2147 3156 per
2190 3094 2371 3140 reum
2405 3082 2591 3139 extra
2628 3071 2970 3153 judicium;

591 3173 704 3231 aut
747 3165 1034 3245 remotiS,
1085 3178 1252 3241 quae
1299 3178 1422 3225 non
1472 3164 1824 3242 respiciunt
1853 3163 2298 3245 principaliter
2340 3164 2548 3244 ipsum
2596 3162 2857 3240 factum,
2907 3167 2977 3225 ut

595 3254 848 3335 quando
895 3253 1082 3317 homo
1132 3254 1233 3313 est
1277 3248 1484 3312 malae
1529 3250 1739 3315 famae
1786 3259 1909 3316 etc.

788 3336 1316 3421 Prospiciendum
1361 3343 1465 3400 est
1497 3338 1688 3403 etiam
1731 3339 2065 3419 judicanti,
2114 3358 2196 3403 ne
2247 3339 2391 3419 quid
2440 3344 2552 3402 aut
2598 3338 2817 3401 durius
2864 3341 2977 3400 aut

587 3432 919 3499 remissius
948 3428 1392 3504 constituatur,
1430 3444 1618 3505 quam
1646 3446 1843 3492 causa
1876 3428 2183 3509 deposcit.
2220 3426 2357 3490 Nec
2388 3445 2616 3508 nempe
2652 3431 2764 3489 aut
2792 3443 2973 3489 seve-

589 3520 800 3587 ritatis
833 3523 945 3582 aut
989 3514 1368 3581 clementiae
1401 3516 1608 3593 gloria
1649 3516 2011 3580 affectanda
2055 3522 2172 3591 est,
2222 3514 2335 3579 sed
2368 3532 2683 3596 perpenso
2711 3512 2973 3595 judici0,

599 3612 792 3691 prout
844 3624 1095 3687 quoque
1158 3619 1264 3666 res
1311 3604 1692 3683 expostulat,
1752 3605 2157 3669 statuendum
2208 3610 2325 3669 est.
2390 3603 2476 3666 Et
2520 3604 2585 3666 in
2631 3602 2975 3666 levioribus

587 3696 800 3761 causis
859 3695 1049 3776 plane
1115 3689 1448 3771 proniores
1512 3691 1593 3755 ad
1655 3692 1987 3785 lenitatem
2050 3692 2303 3772 judices
2362 3710 2505 3756 esse
2566 3690 2838 3767 debent3
2910 3690 2974 3752 in

583 3785 986 3869 gravioribus
1034 3796 1256 3860 poenis
1301 3780 1715 3844 severitatem
1762 3782 1997 3861 legum,
2030 3798 2171 3843 cum
2212 3780 2427 3861 aliquo
2464 3782 2973 3860 temperamento

589 3870 1024 3952 benignitatis,
1097 3865 1279 3944 sequi
1351 3874 1610 3946 oportet
1676 3862 1805 3949 (M.
1860 3870 1959 3935 17.
2027 3868 2200 3933 Diet.
2252 3871 2313 3931 4.
2377 3868 2464 3932 M.
2521 3868 2621 3932 19.
2688 3865 2856 3930 Dist.
2913 3867 2973 3929 1.

588 3968 660 4028 A.
709 3962 817 4024 37.
867 3958 1038 4023 Dist.
1082 3945 1186 4035 5.)
1252 3954 1421 4017 Hinc
1484 3974 1813 4022 commune
1876 3958 2064 4022 illud:
2137 3956 2531 4036 ,Glimphins
2590 3962 2690 4020 est
2750 3955 2972 4035 pluriS,

583 4069 774 4131 quam
807 4053 945 4113 tota
975 4042 1248 4111 scientia
1272 4034 1498 4121 Juris.“
1554 4045 1640 4110 Et
1673 4046 1846 4110 aliud
1876 4050 2145 4126 poetae:
2190 4044 2435 4123 „Omne
2468 4052 2657 4108 nocet
2688 4044 2972 4119 nimium,

585 4142 848 4203 servant
896 4132 1246 4199 mediocria
1293 4124 1550 4197 vitam.“

785 4225 860 4289 In
908 4218 1248 4304 puniendis
1297 4216 1546 4285 delictis
1599 4222 1854 4303 judices
1914 4240 2172 4303 semper
2220 4220 2299 4285 de
2346 4220 2505 4285 Jure
2561 4224 2782 4285 nostro
2832 4238 2971 4282 ver-

584 4316 811 4379 borum
853 4307 1278 4383 Constantini,
1335 4306 1557 4375 Licinii
1607 4317 1673 4375 et
1704 4311 1971 4376 Honorii
2019 4311 2203 4390 Imp,
2254 4328 2418 4388 quae
2453 4307 2811 4388 allegantur
2858 4306 2974 4369 sul)

587 4404 778 4467 litera
821 4402 909 4465 M.
944 4401 1044 4465 17.
1081 4396 1253 4460 Dist.
1288 4395 1373 4471 4.,
1406 4415 1725 4464 memores
1757 4418 1899 4465 esse
1934 4400 2206 4463 debent:
2263 4397 2550 4478 „Placuit
2589 4398 2653 4459 in
2684 4395 2975 4459 omnibus

583 4492 907 4571 (inquiunt
973 4482 1093 4565 illi)
1163 4482 1453 4564 justitiae
1533 4488 2009 4568 aequitatisque
2080 4486 2360 4568 scriptae
2448 4484 2767 4566 potiorem
2832 4500 2975 4547 esse
