3350 5050
568 470 656 557 84
1362 480 1424 538 V.
1469 480 1810 553 ophthalmii
1844 482 2157 541 Processus.

2824 616 2956 686 Pag.

567 709 824 767 Defensio
862 710 1108 781 corporis
1150 716 1236 765 est
1271 708 1423 764 licita
1548 752 2719 768 ...............
2778 716 2807 768 ’.
2882 715 2950 770 70

569 805 784 860 Delicta
819 820 948 861 suos
979 809 1170 859 tenent
1206 810 1432 859 autores
1537 846 1550 859 .
1601 842 1608 849 .
1629 845 2807 864 ..............
2881 812 2950 865 65

682 938 710 969 ,,
819 898 1095 955 ordinaria
1200 938 2363 957 ..............
2374 918 2390 949 0
2439 944 2805 958 .....
2879 906 2947 960 67

682 1032 708 1061 ,,
821 991 1254 1047 extraordinaria
1364 1031 1377 1045 .
1415 1024 1465 1045 -.
1537 1030 1551 1045 .
1607 1028 1618 1037 ·
1630 1031 2805 1049 ..............
2880 997 2948 1052 79

572 1085 934 1140 Denunciatio
971 1084 1119 1155 quid,
1156 1090 1212 1138 et
1247 1085 1340 1139 ubi
1377 1083 1553 1139 iocum
1589 1085 1759 1139 habet
1816 1126 2803 1143 .............
2876 1092 2946 1146 65

573 1179 1047 1251 Divortium·quid
1100 1220 1114 1235 .
1159 1208 1203 1234 ·.
1247 1210 1292 1233 ·.
1369 1221 1382 1235 .
1421 1210 1469 1233 -.
1509 1208 1521 1221 ·
1546 1220 2801 1239 ...............
2873 1188 2933 1243 41

567 1274 874 1331 Divertium
911 1291 978 1330 ex
1015 1276 1212 1345 quibus
1249 1276 1432 1329 causis
1469 1274 1567 1329 flat
1629 1316 1641 1328 .
1717 1316 1730 1327 .
1776 1310 1785 1317 ·
1809 1316 2799 1333 ............
2884 1306 2939 1319 -·-

567 1368 784 1423 Dolium
823 1369 871 1423 si
905 1370 976 1423 ob
1014 1374 1336 1424 vetustatem
1376 1368 1761 1440 corrumpitur,
1799 1368 2051 1424 dainnum
2089 1377 2176 1425 cst
2209 1371 2413 1427 domini
2524 1417 2537 1429 .
2612 1416 2623 1430 .
2702 1416 2713 1427 .
2790 1414 2805 1428 .
2879 1379 2946 1433 76

569 1522 868 1577 Ebrietatis
907 1539 1084 1591 poena
1182 1561 2445 1581 ...............
2491 1498 2500 1506 ³
2518 1565 2799 1590 .....
2871 1529 2940 1584 74

565 1620 737 1672 Aetas
775 1634 881 1672 non
921 1623 1148 1671 excusat
1186 1632 1220 1670 a
1256 1616 1439 1670 delicti
1475 1630 1669 1684 poena,
1708 1615 1755 1669 si
1794 1616 1847 1669 in
1886 1632 2001 1670 eam
2042 1616 2236 1671 cadere
2274 1618 2454 1686 potuit
2516 1660 2529 1674 .
2606 1662 2619 1674 .
2792 1664 2802 1673 .
2871 1624 2940 1678 64

567 1712 836 1780 Exceptio
875 1710 1024 1780 quid,
1064 1716 1122 1763 et
1158 1708 1303 1778 quod
1343 1708 1460 1776 ejus
1499 1706 1735 1765 officium
1812 1752 1822 1763 .
1901 1750 1913 1762 .
1950 1738 1957 1745 ·
1990 1750 2001 1762 .
2079 1750 2091 1764 .
2168 1751 2181 1763 .
2214 1736 2222 1745 ·
2258 1751 2269 1763 .
2308 1739 2315 1747 ·
2344 1753 2801 1765 ......
2872 1716 2933 1771 21

569 1804 922 1872 Exceptionis
960 1819 1068 1859 non
1107 1803 1370 1870 probatae
1407 1816 1547 1870 quae
1584 1800 1787 1855 mulcta
1898 1841 2796 1859 ...........
2871 1810 2939 1865 22

561 1896 948 1965 Exceptionem
990 1910 1206 1963 oppone
1243 1898 1370 1947 ante
1407 1892 1520 1947 litis
1558 1894 2006 1969 contestationem
2075 1936 2795 1951 .........
2870 1930 2937 1939 -

560 1991 853 2059 Expensae
887 1987 1060 2041 litium
1099 2000 1238 2055 quae
1275 1992 1331 2039 et
1368 1985 1705 2061 quompiices
1768 2026 1817 2063 .·
1890 2026 1903 2039 .
1948 2056 1954 2064 .
1980 2026 2790 2045 ..........
2866 1998 2938 2050 60

559 2084 852 2152 Expensas
889 2082 1064 2136 victus
1099 2079 1289 2134 victori
1326 2078 1614 2152 refundere
1651 2084 1870 2132 tenetur
1985 2121 2791 2139 ..........
2866 2090 2929 2144 61

557 2175 941 2244 Expensarum
969 2172 1121 2239 ⁸actio
1159 2170 1378 2242 quando
1417 2172 1625 2225 institui
1663 2170 1827 2225 debet
1978 2214 1990 2227 .
2070 2212 2081 2225 .
2118 2244 2127 2252 ο
2157 2214 2791 2232 ........
2868 2209 2935 2217 —

559 2266 939 2336 Expensarum
977 2268 1247 2322 sententia
1283 2266 1586 2321 executioni
1622 2264 1841 2334 quando
1880 2265 2169 2320 mandatur
2255 2312 2791 2327 .......
2867 2304 2936 2313 -

559 2362 880 2431 Exequutor
913 2362 1216 2416 sententiae
1253 2361 1375 2431 quis
1453 2400 2791 2422 ................
2866 2372 2937 2427 60

560 2514 708 2572 Falsi
745 2516 945 2570 crimen
1002 2555 1546 2570 .......
1591 2519 1598 2530 “
1622 2556 2789 2576 ..............
2866 2525 2932 2580 73

559 2609 821 2664 Familiae
857 2608 1150 2662 detinentis
1187 2607 1466 2677 salarium,
1504 2623 1642 2676 quae
1684 2624 1861 2676 poena
1975 2651 2789 2668 ..........
2864 2616 2931 2672 77

556 2699 730 2758 Feras
767 2699 1040 2756 silvestres
1076 2704 1134 2753 et
1169 2699 1458 2755 indomitas
1494 2716 1601 2755 non
1640 2700 1756 2754 alas
1798 2742 2784 2760 ............
2862 2739 2927 2748 --

555 2795 721 2850 Fides
757 2795 901 2850 bona
937 2793 1006 2848 ab
1043 2793 1196 2848 initio
1233 2797 1610 2847 contractuum
1652 2792 1973 2847 intervenire
2011 2809 2224 2862 semper
2262 2795 2426 2848 debet
2510 2839 2522 2850 .
2600 2840 2611 2851 .
2688 2841 2698 2852 .
2777 2843 2788 2855 .
2862 2805 2932 2858 ‘25

554 2889 708 2943 Fidei
747 2889 922 2942 bonae
959 2901 1249 2955 possessor
1283 2884 1492 2939 fructus
1529 2890 1819 2953 perceptos
1856 2886 2067 2940 obtinet
2155 2929 2786 2946 ........
2861 2897 2931 2951 24

553 2980 709 3035 Fidei
745 2980 917 3034 malae
955 2995 1240 3047 possessor
1276 2994 1550 3047 nunquam
1589 2977 1915 3045 praescribit
1942 2991 1951 2999 ·
1980 3020 2786 3038 ..........
2862 2987 2931 3042 25

553 3073 872 3141 Fidejussor
910 3071 1188 3127 confessus
1227 3073 1487 3127 arrestari
1526 3078 1710 3141 potest
1804 3115 1816 3127 .
1894 3115 1905 3127 .
1942 3083 1949 3090 ·
1983 3115 2785 3134 ..........
2860 3085 2927 3138 62

553 3167 929 3236 Fidejussores
967 3165 1143 3221 idonei
1182 3165 1273 3235 qui
1310 3163 1561 3218 dicantur
1591 3177 1630 3219 ’.
1707 3207 1719 3221 .
1766 3173 1773 3179 ·
1798 3207 2783 3229 ............
2859 3177 2916 3232 2¹

551 3261 806 3315 Fratrum
845 3260 1058 3328 species
1163 3301 1176 3316 .
1252 3301 1265 3315 .
1343 3301 1356 3314 .
1432 3300 1444 3313 .
1497 3265 1504 3273 '
1521 3301 2782 3323 ...............
2810 3297 2825 3300 -
2856 3273 2923 3326 37

553 3355 818 3410 Furiosus
857 3370 967 3408 non
1003 3358 1218 3408 tenetur
1255 3351 1374 3420 lege
1413 3352 1664 3408 Cornelia
1712 3395 2779 3415 .............
2858 3365 2923 3419 73

550 3447 710 3503 Furti
746 3449 965 3517 species
995 3453 1048 3501 et
1084 3447 1198 3514 ejus
1237 3461 1414 3514 poena
1523 3490 1535 3502 .
1574 3452 1584 3461 '
1613 3489 1628 3502 .
1665 3455 1672 3463 '
1704 3489 2252 3507 .......
2285 3460 2294 3467 ’
2324 3495 2777 3510 ......
2856 3459 2923 3514 75

547 3541 706 3596 Furti
741 3541 885 3596 actio
921 3556 1030 3594 non
1067 3539 1230 3594 (latur
1265 3547 1456 3596 contra
1491 3541 1776 3608 conjugem
1816 3542 1898 3596 vel
1934 3543 2100 3597 filiam
2139 3551 2194 3597 et
2229 3553 2420 3601 contra
2500 3592 2511 3602 .
2590 3592 2600 3602 .
2678 3592 2688 3602 .
2768 3593 2778 3604 .
2835 3579 2921 3617 ,-

477 3687 480 3690 ,
549 3635 708 3688 Furti
745 3649 923 3702 poena
959 3639 1213 3690 tenentur
1249 3641 1304 3689 et
1340 3635 1472 3689 socii
1513 3649 1610 3688 seu
1647 3633 1937 3704 complices
2055 3680 2601 3696 .......
2658 3686 2686 3706 ,.
2768 3687 2777 3696 .
2856 3673 2919 3680 —-

547 3727 824 3781 Furtivam
863 3742 976 3781 rem
1013 3742 1212 3798 emens,
1248 3733 1465 3782 tenetur
1499 3744 1616 3781 eam
1655 3729 1770 3783 sine
1808 3733 1983 3798 pretio
2021 3733 2305 3787 restituere
2411 3776 2778 3790 .....
2856 3767 2921 3776 -—
2948 3711 2952 3714 ⁴

551 3821 778 3874 Furtum
816 3819 967 3892 quid,
1001 3824 1058 3875 et
1089 3820 1236 3875 unde
1271 3820 1487 3876 dicatur
1521 3865 2777 3884 ...............
2854 3861 2917 3868 —
3021 3839 3027 3846 ·

547 3913 777 3968 Furtum
815 3913 1118 3983 committis,
1155 3914 1202 3967 si
1236 3913 1292 3967 id
1332 3914 1475 3983 quod
1513 3915 1783 3985 invenisti,
1821 3933 1927 3970 non
1966 3919 2149 3974 reddis
2239 3965 2775 3978 .......
2854 3953 2921 3962 —-

547 4065 854 4134 Glimphius
889 4064 1113 4118 multum
1156 4071 1338 4133 potest
1374 4066 1430 4118 in
1465 4064 1584 4119 foro
1702 4109 2773 4127 ............
2854 4079 2923 4132 64

549 4159 901 4226 Guarentigia
939 4159 1006 4212 de
1035 4158 1164 4227 juro
1206 4160 1474 4213 Saxonico
1515 4160 1643 4228 quid
1702 4203 1737 4240 ,ι
1793 4205 2773 4222 ............
2860 4173 2921 4226 15

549 4309 840 4364 Hereditas
877 4309 1056 4364 delata
1093 4327 1233 4380 quae
1270 4312 1483 4367 dicatur
1611 4357 1622 4369 .
1706 4357 1715 4367 .
1790 4355 1801 4366 .
1878 4355 1891 4368 .
1952 4346 1958 4354 .
1968 4355 2775 4374 ..........
2850 4325 2918 4380 35

549 4400 868 4456 Homicidae
905 4412 1164 4473 quantum
1205 4413 1418 4474 tempus
1457 4409 1526 4461 ab
1565 4409 1781 4476 agnatis
1818 4410 1986 4476 recipi
2024 4411 2235 4477 possint
2320 4455 2774 4471 ......
2850 4421 2917 4474 72

547 4493 836 4550 Homicidii
873 4505 1006 4566 quot
1043 4500 1157 4553 siut
1193 4515 1392 4568 genera
1433 4543 2774 4565 ................
2850 4515 2909 4568 71
