3350 5050
1150 477 1485 546 Respublica
1525 475 1765 545 Bojema.
1805 478 1938 545 Cap.
1975 477 2102 536 XII.
2681 469 2807 553 243

420 639 563 686 esse
586 625 961 686 cernerent:
995 620 1142 686 ideo
1176 619 1259 684 de
1289 619 1652 700 principum
1685 636 1968 698 assensu,
2015 619 2202 684 salvis
2237 619 2475 687 dudum
2507 626 2806 706 receptiS,

422 727 714 788 magnam
760 714 1016 791 partem
1061 707 1183 773 sibi
1227 725 1371 773 cum
1434 706 1770 772 nobilitate
1818 708 2277 788 communibus,
2337 709 2807 794 Przemyslaeis

420 796 668 878 legibus
729 797 874 876 illis,
936 801 1181 862 statuta
1238 795 1611 878 peculiaria,
1685 813 1798 858 suo
1869 795 2098 861 saltem
2150 795 2441 863 instituto
2509 819 2587 866 ac
2633 802 2806 868 vitae

420 886 642 964 generi
716 884 1150 964 accomodata,
1229 884 1536 964 paulatim
1608 883 1884 948 condere
1957 901 2034 948 ac
2103 887 2306 965 sequi,
2384 889 2806 970 civitatesque

420 975 670 1039 nomine
738 979 872 1037 tum
932 991 973 1037 a
1032 972 1429 1050 nobiliorum,
1501 977 1633 1036 tum
1701 971 1782 1050 ab
1853 972 2202 1051 agrestium
2278 975 2472 1040 turba
2529 978 2806 1058 diversa,

422 1061 549 1126 dici
600 1061 956 1127 voluerunt.
1005 1059 1166 1126 Inde
1198 1059 1433 1125 factum
1480 1060 1741 1124 tandem
1777 1065 1894 1136 est,
1945 1064 2014 1122 ut
2044 1061 2254 1139 gentis
2302 1063 2481 1143 leges
2507 1065 2805 1147 juraque,

421 1149 548 1213 alia
594 1150 935 1215 terrestria
979 1139 1269 1229 (Prdwa
1316 1137 1645 1227 Zemskd),
1707 1147 1940 1226 populo
1990 1149 2306 1229 universo,
2367 1150 2494 1214 alia
2537 1153 2803 1218 munici-

418 1236 589 1318 palia
654 1229 943 1316 (Pr-cavoa
1012 1226 1358 1314 ΜὲειεῙεά),
1430 1233 1798 1300 civitatibus
1866 1237 2016 1299 solis
2088 1238 2362 1318 condita,
2433 1243 2669 1306 sensim
2740 1244 2802 1306 in

419 1325 749 1406 provincia
776 1325 1262 1389 invalescerent.
1309 1323 1475 1388 Nam
1508 1324 1658 1400 quia
1690 1341 1728 1386 a
1756 1322 2139 1404 Przemyslo,
2175 1325 2546 1392 nomotheta
2576 1331 2802 1410 primo,

422 1413 695 1493 populus
742 1413 951 1493 legum
998 1411 1491 1478 domesticarum
1538 1412 1748 1474 factus
1795 1409 1914 1474 fuit
1945 1412 2253 1493 dominus,
2303 1416 2805 1498 quotiescunque

424 1519 659 1566 causae
729 1518 931 1566 novae
1002 1519 1079 1566 ac
1146 1505 1575 1580 praegnantes
1644 1500 2083 1580 emergebant,
2153 1501 2382 1580 quibus
2439 1504 2806 1571 decidendis

422 1590 709 1670 scriptae
758 1590 839 1652 ad
889 1589 952 1653 id
1000 1592 1257 1669 tempus
1303 1587 1481 1668 leges
1510 1604 1639 1652 non
1685 1585 2175 1654 inveniebantur
2213 1607 2424 1668 pares,
2475 1599 2808 1674 receptum

426 1676 752 1756 aliquanto
786 1683 931 1757 post
964 1695 1079 1741 usu
1109 1676 1247 1754 fuit,
1296 1681 1367 1739 ut
1396 1675 1476 1740 de
1511 1673 2010 1753 difficultatibus,
2059 1693 2245 1755 quae,
2295 1677 2427 1743 sive
2459 1680 2524 1744 in
2559 1681 2809 1761 legibus

425 1763 577 1846 ipsis
612 1766 743 1830 sive
778 1765 839 1828 in
870 1767 1081 1830 causis
1114 1765 1287 1829 inter
1316 1763 1640 1843 litigantes
1674 1765 2101 1829 controversis
2133 1765 2804 1845 deprehendebantur,

424 1853 767 1934 optimates
851 1847 1115 1933 (quippe
1190 1850 1362 1916 inter
1436 1851 1795 1932 principem
1873 1858 1940 1915 et
2011 1852 2314 1933 populum
2390 1852 2630 1941 medii),
2723 1859 2806 1922 de

426 1942 866 2020 terrestribuS,
952 1941 1279 2005 civitatum
1356 1938 1782 2004 celebriorum
1861 1939 2058 2020 legati
2136 1940 2217 2006 de
2296 1943 2804 2025 municipalibus,

424 2027 747 2108 frequenti
792 2028 1012 2109 populi
1060 2028 1260 2092 omnis
1306 2026 1569 2092 concilio
1629 2030 1696 2091 et
1743 2043 1958 2092 coram
1999 2029 2308 2109 principe,
2373 2039 2811 2113 proponerent

426 2136 501 2181 ac
562 2134 680 2198 pro
726 2124 881 2181 nata
940 2135 1011 2182 re
1058 2121 1495 2182 recenserent.
1568 2114 1774 2192 Quod·
1811 2115 1960 2180 dum
2017 2115 2233 2195 fiebat,
2303 2137 2596 2200 cumque,
2663 2129 2810 2201 post

428 2211 727 2270 accurate
788 2205 853 2268 in
913 2220 1212 2270 consessu
1274 2221 1561 2280 excussa,
1624 2208 1761 2266 tum
1823 2221 1986 2283 quae
2041 2206 2392 2286 proposita,
2453 2212 2584 2271 tum
2646 2226 2808 2288 quae

428 2311 546 2374 pro
607 2303 675 2358 et
731 2299 957 2357 contra
1020 2292 1195 2356 dicta
1252 2295 1441 2355 erant
1500 2307 1716 2355 rerum
1778 2297 2116 2372 momenta,
2187 2294 2421 2374 populo
2470 2298 2810 2361 novatione

430 2384 632 2447 visum
697 2385 797 2443 est
842 2399 985 2446 esse
1032 2397 1224 2460 opus:
1294 2397 1417 2442 non
1466 2378 1762 2443 sumebat
1807 2379 2060 2458 quidem
2105 2399 2226 2445 nec
2273 2384 2626 2463 usurpabat
2669 2403 2810 2449 eam

430 2486 651 2534 curam
711 2486 785 2533 ac
844 2472 1235 2549 potestatem
1294 2467 1415 2532 sibi
1480 2466 1754 2549 populus
1811 2469 2167 2549 universus»,
2237 2468 2352 2533 sed
2414 2470 2511 2536 vel
2560 2473 2812 2537 senatui

432 2575 681 2637 magno,
733 2558 829 2621 vel
877 2556 1146 2621 delectis
1195 2575 1271 2620 ex
1319 2556 1416 2619 sui
1462 2556 1670 2621 medio
1719 2556 1870 2619 viris
1917 2556 2218 2635 gravibus
2267 2564 2334 2623 et
2361 2560 2806 2639 pru‹lentibuS‚

433 2664 556 2724 quo
603 2644 843 2710 rectius
892 2662 969 2709 ac
1016 2644 1266 2709 cautius
1311 2662 1419 2708 res
1465 2660 1545 2707 ea
1592 2642 2033 2721 conficeretur,
2082 2645 2401 2725 negotium
2451 2646 2813 2728 delegabat.

430 2732 485 2797 Ii
548 2752 619 2796 re
682 2733 846 2798 bene
900 2732 1278 2810 deliberata,
1350 2749 1515 2811 quae
1578 2731 1643 2795 in
1704 2732 1969 2809 legibus,
2042 2733 2122 2796 de
2179 2732 2406 2813 quibus
2473 2741 2686 2801 actum
2747 2737 2812 2804 in

433 2821 702 2888 concilio
764 2827 925 2900 erat,
990 2818 1363 2899 abroganda
1424 2818 1527 2883 vel
1584 2818 1944 2899 supplenda
2002 2819 2394 2901 viderentur,
2454 2824 2816 2889 sciscebant

432 2916 499 2973 et
531 2908 611 2972 ad
646 2909 1014 2973 concionem
1045 2908 1433 2972 referebant.
1465 2906 1710 2973 Scitum
1743 2906 2048 2988 ipsorum,
2085 2909 2382 2991 princeps
2418 2911 2814 2993 populusque

435 2997 770 3061 universus
814 3015 931 3078 pro
980 2996 1281 3059 concione
1342 2995 1669 3060 habebant
1714 3000 1943 3060 ratum.
2005 2995 2176 3060 Nihil
2220 2997 2326 3062 hic
2385 3000 2815 3079 sanciebatur,

437 3084 602 3163 quod
652 3084 733 3149 ab
782 3084 1065 3163 gentium
1104 3083 1253 3161 ,iure
1302 3083 1398 3146 vel
1448 3083 1778 3162 aequitate
1825 3087 2045 3164 posset
2081 3085 2282 3150 videri
2317 3086 2616 3164 alienum,
2661 3088 2814 3153 nihil

438 3172 603 3250 quod
645 3173 1013 3237 barbarum.
1062 3164 1418 3251 (Barbarus
1443 3170 1579 3251 ipse
1606 3178 1726 3249 est,
1775 3171 1882 3250 qui
1930 3172 2252 3237 diversum
2302 3174 2367 3237 iu
2413 3193 2528 3239 nos
2574 3170 2819 3257 fingitl)

438 3261 708 3325 variare
740 3259 939 3340 legeS‚
988 3278 1207 3324 rarum
1252 3258 1505 3323 omnino
1552 3260 1722 3338 apud
1771 3264 2024 3323 veteres
2063 3268 2314 3326 nostros
2349 3267 2416 3327 et
2446 3261 2820 3343 infrequens

437 3348 575 3412 suit.
653 3346 866 3413 Semel
932 3348 1057 3411 rite
1115 3347 1286 3413 latae
1348 3364 1423 3410 ac
1485 3351 1786 3425 receptae
1851 3345 2015 3411 baud
2080 3353 2326 3414 temere
2385 3352 2816 3417 mutabantur.

436 3436 715 3514 Quaevis
780 3436 844 3500 in
907 3435 983 3498 iis
1047 3434 1399 3514 abrogatiO,
1448 3435 1805 3512 derogatiO,
1853 3436 2204 3515 obrogatio,
2255 3439 2639 3517 surrogatiO,
2689 3439 2815 3504 rei-

440 3525 734 3604 publicae
780 3523 1050 3587 exitiosa
1084 3526 1183 3585 est
1206 3522 1513 3602 judicata.
1566 3521 1736 3585 Male
1767 3534 1915 3602 post
1945 3522 2101 3586 alios
2133 3524 2250 3589 sub
2283 3524 2605 3589 Ludovico
2641 3528 2819 3606 Rege

438 3630 639 3692 puero
689 3612 880 3676 vertit
925 3628 1000 3674 ac
1050 3608 1332 3677 efflictim
1382 3608 1696 3673 invidiosa
1741 3608 1880 3690 fuit,
1929 3611 2273 3677 Timocrati
2303 3612 2472 3693 apud
2495 3631 2819 3692 nosnovo,

442 3699 707 3765 Alberto
754 3698 1085 3778 Rendelio‚
1150 3698 1387 3763 homini
1448 3716 1526 3761 ex
1570 3695 1830 3763 fortuna
1888 3697 2065 3763 tenui
2110 3698 2320 3777 altiuS,
2384 3719 2573 3780 quam
2635 3702 2822 3782 vulgo

443 3790 859 3867 probabatur,
910 3792 1156 3866 evecto,
1206 3786 1437 3851 crebra
1483 3803 1600 3849 nec
1651 3788 2036 3865 necessaria,
2088 3806 2203 3851 usu
2249 3790 2553 3868 magistro
2579 3784 2823 3871 ‘proba-

444 3886 652 3940 tarum
685 3876 894 3955 legum
926 3874 1239 3940 alteratio.
1293 3868 1596 3939 Additum
1642 3874 2072 3955 nihilominu8‚
2121 3878 2427 3957 temporis
2457 3896 2824 3959 progressu,

447 3964 792 4045 l‘rzemysli
864 3963 1111 4041 legibus
1181 3963 1408 4043 priscis
1476 3961 1598 4025 illis
1662 3962 1948 4027 nonnihil
2020 3969 2140 4041 est,
2211 3964 2326 4029 sub
2390 3964 2632 4046 Mnata,
2707 3966 2822 4032 sub

446 4051 751 4132 Neclmio,
786 4052 902 4115 sul)
936 4052 1333 4131 Borzivogio‚
1374 4049 1491 4113 sub
1526 4048 1814 4113 Boleslao
1846 4050 2004 4114 Leni
2017 4102 2030 4128 ,
2071 4052 2360 4132 inprimis
2394 4044 2573 4132 (ann.
2615 4046 2826 4134 1135)

445 4140 565 4203 sub
627 4139 961 4204 Sobieslao
1022 4139 1297 4217 seniore,
1366 4137 1669 4216 ducibus;
1746 4145 2056 4203 mutatum
2117 4140 2584 4223 excultumque,
2655 4142 2822 4209 haud

448 4245 603 4292 sane
652 4226 1009 4305 infeliciter,
1060 4224 1343 4291 nonnihil
1392 4231 1490 4289 est
1537 4226 1653 4289 sub
1701 4226 2086 4292 Wenceslao·
2127 4228 2330 4292 Lusco
2379 4220 2562 4307 (ann.
2615 4220 2825 4309 1250)

446 4323 515 4380 et
576 4314 1279 4397 Przemyslo-Ottacaro
1326 4314 1411 4379 II.
1475 4302 1656 4394 (ann.
1714 4306 1944 4395 1269),
2018 4318 2296 4395 itemque
2358 4318 2474 4381 sub
2531 4316 2824 4383 Johanne

446 4394 632 4483 (ann.
682 4402 876 4484 1322,
910 4394 1141 4483 1341),
1186 4406 1254 4465 et
1289 4401 1596 4483 inprimis,
1644 4402 1842 4481 idque
1871 4403 2160 4483 subinde,
2211 4406 2326 4468 sub
2360 4404 2708 4472 wladislao
2739 4406 2822 4471 11.

446 4491 909 4573 Rudolphoque
941 4492 1023 4555 II.
1060 4489 1337 4571 regibus.
1386 4491 1472 4555 At
1494 4490 1640 4554 cum
1675 4490 1884 4569 prima
1914 4491 2215 4573 omnium,
2265 4492 2430 4558 duce
2459 4493 2825 4576 Przemyslo

2298 4595 2436 4664 16·
