3350 5050
1172 488 1501 557 Respublica
1539 490 1787 558 Bojema.
1825 493 1959 560 Cap.
1997 491 2121 546 XII.
2696 501 2826 572 245

438 622 621 706 (ann.
676 621 887 712 1549)
934 632 1320 713 impressum
1364 629 1673 696 habemus
1717 630 1864 713 ipsi.
1927 633 2348 715 Municipales
2396 653 2592 716 porro
2652 636 2829 718 leges

440 721 711 800 primum
780 721 1076 785 Minerva
1149 719 1298 784 rudi
1372 708 1474 797 (ut
1546 719 1687 785 fere
1765 721 1976 785 omnia
2053 727 2339 788 veterum
2415 717 2632 798 erant)
2710 727 2829 792 sub

442 808 852 891 Kiesomyslo
884 807 1173 890 principe
1204 795 1425 888 (circa
1456 829 1601 874 ann.
1632 798 1806 889 800)
1834 809 2029 874 scribi
2063 816 2346 892 coeptas,
2390 811 2828 895 paulatimque

440 915 481 960 a
510 897 893 978 posteritate
924 903 1115 978 grata
1138 896 1425 962 excultas
1455 913 1532 960 ac
1556 913 1675 962 usu
1701 897 1888 978 longo
1917 896 2344 979 confirmatas,
2393 899 2830 981 indulgentius

439 985 503 1048 in
533 984 822 1065 Bojemia
870 1003 907 1049 a
940 983 1289 1049 Wratislao
1337 988 1407 1048 et
1434 985 2148 1066 Przemyslo-Ottacaro
2180 986 2264 1054 ΙΙ.
2313 988 2575 1069 regibus
2618 988 2828 1056 habiti

440 1079 633 1152 atque
678 1072 1091 1155 multiplicati
1138 1089 1461 1138 convenae
1510 1073 1819 1140 Germani
1875 1075 2013 1139 ausi
2059 1080 2211 1140 sunt
2253 1073 2554 1142 familiari
2599 1077 2664 1142 in
2715 1096 2833 1144 sua

437 1165 633 1238 gente
670 1161 803 1242 jun·
853 1160 1357 1242 Magdeburgico
1389 1159 1782 1241 posthabere
1828 1181 1906 1227 ac
1934 1164 2307 1244 repudiare.
2354 1163 2835 1232 Adhinniebant

434 1251 519 1314 ad
564 1249 851 1331 ipsorum
913 1253 1235 1314 attentata
1294 1247 1698 1328 postmodum
1748 1252 1943 1317 etiam
2003 1269 2083 1315 ex
2129 1252 2448 1332 indigenis
2513 1252 2830 1338 fastidiosi

433 1356 558 1402 non
588 1339 797 1418 pauci,
831 1338 924 1402 ita
954 1341 1025 1400 ut
1047 1343 1338 1417 tempore
1370 1337 1697 1417 aliquanto
1722 1343 1872 1421 post
1893 1337 2417 1421 LitomierziceiS,
2450 1336 2827 1424 Nymbn‘rgi,

435 1424 692 1504 Slanae,
740 1425 1024 1500 Launae,
1076 1425 1282 1490 Ustae
1347 1427 1418 1489 et
1473 1429 1607 1489 toto
1664 1424 1807 1492 fere
1868 1426 1950 1491 ad
2009 1428 2483 1507 septentriones
2528 1436 2831 1510 porrecto

428 1513 617 1594 regni
648 1519 883 1593 tractu,
930 1512 1311 1578 usitatarum
1347 1513 1517 1593 apud
1550 1515 1910 1597 municipes
1957 1521 2249 1580 caeteros
2281 1515 2492 1597 legum
2530 1516 2830 1586 domesti-

436 1620 659 1667 carum
704 1621 865 1683 prae
905 1602 1053 1683 jure
1099 1600 1605 1682 Magdeburgico
1651 1604 1902 1669 modica
1948 1608 2121 1668 esset
2168 1604 2528 1670 authoritas
2575 1612 2644 1672 et
2682 1625 2833 1674 usus

437 1691 905 1771 propemodum
948 1689 1177 1755 nulluS.
1232 1689 1449 1771 Aegre
1496 1707 1651 1754 sane
1697 1689 1980 1756 faciebat
2024 1690 2238 1772 legum
2297 1694 2423 1758 ista
2467 1694 2832 1775 diversitas,

434 1788 503 1845 et
550 1795 692 1844 cum
738 1785 959 1844 mutua
1006 1778 1179 1842 inter
1209 1795 1299 1857 se,
1352 1783 1484 1841 tum
1517 1778 1809 1859 inprimis
1843 1799 1882 1845 a
1913 1779 2302 1846 Provinciali
2331 1783 2464 1846 sive
2497 1782 2828 1849 Terrestri

433 1868 595 1934 Jure
658 1867 723 1931 in
784 1866 1113 1947 plerisque
1180 1865 1634 1948 discrepantia,
1705 1885 1834 1933 non
1891 1866 2092 1932 solum
2157 1887 2235 1932 ex
2297 1871 2526 1935 civium
2584 1871 2828 1937 Ordine

435 1955 633 2021 moris
699 1955 894 2036 patrii
963 1953 1158 2035 prisci
1219 1954 1750 2020 retinentioribus
1806 1973 1996 2036 quam
2065 1954 2376 2036 plurimiS,
2449 1959 2562 2023 sed
2635 1959 2831 2024 etiam

432 2042 957 2124 prudentioribus
1003 2060 1081 2107 ex
1130 2041 1470 2108 nobilitate
1516 2043 1888 2124 permultis;
1961 2043 2319 2109 credebant
2364 2063 2638 2126 namque
2687 2067 2829 2113 cum

436 2131 809 2210 Menandre,
874 2149 1016 2196 esse
1076 2123 1281 2206 νόμοις
1340 2131 1468 2196 τοῖς
1525 2124 1842 2208 ἐγχωρίοις
1907 2125 2160 2189 ἑπέσθω
2216 2126 2416 2193 καλόν.
2483 2132 2611 2199 Sed
2675 2137 2829 2215 quia

437 2237 807 2300 gangraena
866 2220 994 2284 ista
1040 2225 1265 2300 postea
1324 2238 1403 2284 611
1462 2217 1778 2284 Johannis
1821 2219 2023 2300 Regis
2071 2239 2150 2284 ea
2210 2220 2290 2285 de
2336 2241 2408 2286 re
2473 2222 2833 2304 privilegiis

432 2308 713 2372 fomitem
772 2307 1156 2388 accipiebat,
1227 2306 1627 2372 connivendo
1694 2306 1870 2373 ferre
1928 2325 2072 2372 eam
2139 2307 2470 2375 habebant
2537 2329 2826 2377 necesse.

432 2395 757 2472 Vigebant
802 2394 1207 2460 nihilominus
1256 2395 1507 2460 interea
1550 2411 1628 2460 ac
1656 2395 2066 2475 poliebantur
2095 2402 2229 2462 tum
2263 2396 2408 2463 aliis
2435 2398 2502 2463 in
2535 2399 2822 2480 urbibus,

434 2489 569 2550 tum
617 2482 867 2564 Pragae
914 2501 1055 2549 cum
1102 2484 1326 2565 primis
1370 2482 1549 2564 leges
1595 2485 1866 2565 patriae.
1915 2482 2000 2549 At
2047 2485 2217 2566 quia,
2275 2492 2472 2568 prout
2516 2492 2703 2554 aetas
2753 2507 2828 2555 ac

433 2574 844 2638 librariorum
913 2571 1239 2653 ingenium
1310 2576 1472 2651 erat,
1543 2572 1867 2639 confusius
1921 2590 2040 2638 eae
2107 2573 2173 2638 in
2237 2575 2396 2653 dies,
2470 2577 2825 2657 plerunque

435 2662 629 2726 6118111
702 2680 1011 2741 perquam
1069 2660 1481 2742 negligenter
1544 2660 2090 2742 describebantur,
2161 2664 2404 2743 primus
2452 2682 2583 2743 eas,
2659 2665 2825 2744 quod

434 2750 661 2827 sciam,
740 2768 819 2813 ex
888 2750 1141 2829 Pragae
1213 2748 1482 2831 Maioris
1552 2749 2012 2829 monumentiS,
2091 2749 2417 2817 Ludovico
2485 2758 2822 2833 regnante,

434 2838 920 2917 consarcinavit,
1002 2843 1469 2915 congestasque
1545 2837 1611 2901 in
1689 2838 1979 2902 volumen
2058 2840 2577 2917 grandiusculum
2653 2840 2824 2923 typis

433 2924 706 3005 imprimi
771 2926 1021 2990 curavit
1079 2924 1164 2989 M.
1220 2925 1509 2989 Briccius
1573 2925 1654 2990 de
1707 2924 1964 2991 Zlitsca.
2031 2926 2210 3003 Quae
2263 2946 2404 2992 611111
2469 2946 2589 2994 1166
2647 2928 2825 3009 ipsae

432 3013 720 3078 omnibus
783 3018 918 3078 tum
976 3030 1231 3094 quoque
1294 3018 1511 3079 essent
1557 3013 1637 3077 ad
1688 3018 1942 3093 gustum
1994 3018 2060 3078 et
2104 3015 2471 3081 nonnullius
2519 3017 2826 3081 momenti

430 3102 493 3167 in
564 3101 758 3166 rebus
831 3102 1210 3181 quibusdam
1280 3122 1319 3167 a
1382 3100 1713 3167 Terrestri
1774 3100 1922 3180 jure
1983 3102 2370 3169 dissidentes
2428 3105 2824 3183 viderentur,

356 3190 365 3197 ’
434 3190 741 3253 1111111111111
789 3190 1103 3256 Ordinum
1166 3190 1229 3254 in
1292 3190 1564 3255 comitiis
1611 3208 1928 3270 persaepe
1978 3208 2234 3256 causam
2285 3192 2549 3271 dabant,
2621 3192 2825 3257 donec

431 3276 689 3342 tandem
739 3277 1041 3343 methodo
1088 3296 1253 3343 nova
1300 3278 1704 3343 emendatius
1753 3278 2241 3359 distinctiusque
2283 3278 2647 3360 descriptae
2684 3280 2825 3361 regi

432 3366 707 3446 primum
754 3365 1183 3432 Maximiliano
1231 3358 1271 3447 (
1271 3389 1414 3432 ann.
1470 3360 1700 3443 1569),
1763 3365 2019 3431 tandem
2068 3384 2222 3432 vero
2269 3367 2467 3433 etiam
2511 3368 2651 3447 eJus
2696 3367 2824 3433 filio

429 3452 789 3533 Rudolpho,
857 3472 897 3518 a
943 3454 1305 3519 civitatibus
1350 3444 1535 3531 (ann.
1586 3444 1816 3534 1579),
1881 3454 2103 3536 populi
2167 3455 2428 3521 consilio
2481 3454 2825 3536 frequenti,

432 3542 700 3606 fuerunt
766 3542 1043 3621 oblatae,
1122 3548 1189 3606 et
1264 3562 1341 3607 ex
1420 3543 1818 3608 comitiorum
1887 3542 2119 3607 horum
2192 3542 2458 3609 decreto
2524 3546 2826 3624 regisque

435 3629 636 3709 ipsius
684 3630 1164 3712 approbatione,
1216 3629 1670 3696 authoritatem
1717 3631 2071 3711 pleniorem
2122 3631 2421 3713 adeptae.

630 3716 767 3782 Nec
836 3736 1037 3797 mora,
1119 3717 1385 3796 Majoris
1462 3718 1712 3797 Pragae
1787 3719 2079 3799 primatis
2150 3719 2466 3784 Johannis
2543 3720 2828 3787 Drazicii
2929 3782 2936 3793 ‚

434 3806 903 3885 procuratione,
938 3813 1084 3870 sunt
1107 3806 1466 3887 evulgatae.
1498 3806 1954 3887 Approbarunt
1986 3808 2317 3887 evulgatas
2349 3806 2594 3872 calculo
2628 3808 2824 3873 etiam

434 3912 547 3958 suo
618 3884 661 3972 (
655 3916 801 3959 ann.
856 3886 1069 3974 1580)
1128 3896 1356 3975 nostri,
1426 3893 1726 3960 sedentes
1796 3895 1878 3959 ad
1948 3896 2472 3975 provocationum
2543 3895 2826 3962 tribunal

434 3983 779 4063 sapientes,
830 3986 897 4048 et
927 3982 1373 4049 durat-earum
1408 4000 1559 4048 usus
1592 3983 1944 4047 etiamnum
1973 3984 2396 4048 inconvulsus.
2451 3983 2828 4051 Terrestres

429 4069 601 4150 illae,
650 4089 812 4151 quae
844 4075 977 4136 tam
1009 4077 1181 4151 81116,
1230 4090 1419 4152 quam
1467 4070 1708 4136 nostris
1755 4071 1964 4136 adhuc
2009 4071 2409 4152 temporibus
2454 4077 2525 4136 111
2562 4071 2826 4140 01861118

433 4158 964 4237 observabantur,
1011 4178 1131 4240 per
1177 4177 1408 4225 recens
1453 4160 1533 4225 ab
1581 4159 1740 4239 Imp.
1791 4159 2197 4224 Ferdinando
2243 4159 2327 4224 II.
2384 4160 2825 4241 promulgatas

432 4246 936 4313 constitutiones
1013 4266 1208 4313 novas
1266 4246 1455 4328 plane
1518 4238 1702 4329 (ann.
1757 4238 1968 4329 1627)
2033 4248 2115 4313 ab
2181 4266 2300 4313 usu
2347 4254 2492 4313 sunt
2537 4256 2825 4315 remotae

434 4339 629 4415 atque
661 4336 1031 4416 abrogatae,
1080 4335 1243 4401 adeo
1292 4340 1366 4401 ut
1400 4336 1828 4402 vocandarum
1875 4337 1994 4401 sub
2028 4336 2330 4401 incudem
2376 4354 2453 4401 ac
2483 4354 2828 4418 recognos-

432 4421 803 4502 cendarum,
874 4442 1039 4504 quae
1100 4425 1296 4490 datae
1343 4423 1479 4504 jam
1535 4442 1738 4502 regno
1794 4434 1960 4505 sunt,
2021 4424 2237 4503 legum
2281 4423 2558 4491 facultas
2619 4426 2831 4506 prisca

431 4510 669 4592 populo
712 4510 967 4593 penitus
1013 4510 1098 4577 sit
1142 4517 1389 4593 erepta.
