3350 5050
557 541 640 608 36
1351 537 1414 592 V.
1460 537 1796 606 ophthalmii
1832 537 2145 593 Processu&

743 676 962 741 Liberi
1027 676 1134 741 alii
1197 683 1347 740 sunt
1403 673 1741 742 naturales
1798 680 1865 740 et
1920 675 2190 754 legitimi
2237 674 2443 753 simul,
2508 677 2613 755 qui
2660 681 2810 740 sunt
2853 695 2933 740 ex

537 763 729 844 justis
775 765 1013 845 nuptiis
1047 765 1391 846 procreati.
1438 764 1563 829 Alii
1609 763 1880 844 legitimi
1925 767 2194 843 tantum,
2245 765 2473 842 quibus
2505 782 2629 829 non
2678 771 2929 842 natura,

543 853 658 918 sed
724 853 826 918 lex
891 855 1036 933 ipsa
1087 853 1192 933 jus
1251 851 1574 918 filiationis
1634 871 1755 932 per
1802 851 2209 932 adoptionem
2282 851 2379 916 vel
2452 853 2927 933 arrogationem

549 941 862 1006 attribuit.
910 942 1044 1006 Alii
1075 942 1400 1006 naturales
1445 944 1720 1020 tantum,
1771 941 1876 1020 qui
1906 940 2042 1005 nati
2088 945 2236 1004 sunt
2267 959 2345 1004 ex
2377 941 2727 1006 concubina
2760 942 2930 1005 domi

543 1035 819 1108 retenta,
893 1049 1036 1094 cum
1095 1047 1222 1108 qua
1288 1029 1761 1093 matrimonium
1834 1046 1975 1093 esse
2043 1034 2337 1106 poterat,
2408 1028 2592 1109 vulgo
2640 1029 2929 1093 bastardi

548 1118 720 1182 dicti.
805 1115 931 1182 Alii
999 1117 1200 1198 spurii
1271 1122 1386 1181 aut
1453 1117 1637 1196 vulgo
1710 1117 2020 1197 concepti,
2094 1117 2197 1195 qui
2265 1121 2539 1180 matrem
2608 1116 2929 1197 publicum

551 1210 855 1284 scortum,
887 1211 999 1270 aut
1027 1205 1344 1269 incertum
1376 1210 1628 1286 patrem
1659 1204 1915 1269 habent.
1952 1203 2073 1268 Alii
2100 1204 2327 1268 nefarii
2358 1209 2426 1269 et
2456 1205 2820 1283 incestuosi,
2852 1223 2933 1268 ex

548 1294 767 1359 illicito
794 1299 907 1358 aut
932 1294 1233 1358 damnato
1261 1295 1432 1357 coitu
1457 1293 1612 1357 nati.
1639 1291 1725 1355 Hi
1751 1309 1978 1372 nempe
2003 1309 2082 1355 ex
2105 1293 2409 1372 proximis
2434 1292 2929 1370 collateralibuS,

553 1389 624 1446 ut
665 1381 870 1446 fratre
931 1389 1044 1444 aut
1109 1399 1360 1460 sorore;
1423 1381 1514 1444 illi
1572 1400 1649 1445 ex
1712 1379 2203 1445 ascendentibus
2265 1387 2333 1446 et
2371 1378 2926 1454 descendentibus

551 1470 744 1536 veluti
791 1474 980 1550 patre
1029 1474 1096 1533 et
1139 1467 1293 1548 filia,
1341 1475 1873 1549 progenerantur.
1920 1466 2046 1532 Alii
2086 1486 2338 1548 quoque
2372 1475 2521 1533 sunt
2565 1466 2927 1546 adulterini,
3036 1550 3041 1568 Ι

546 1559 667 1622 hoc
715 1567 818 1622 est
863 1576 942 1621 ex
990 1557 1411 1622 translatione
1459 1557 1730 1621 alterius
1776 1556 1949 1620 thori
1996 1555 2173 1622 editi.

745 1669 964 1732 Liberi
1008 1668 1198 1748 primi
1229 1668 1489 1748 graduS,
1537 1671 1609 1730 ut
1651 1666 1890 1731 fratres
1924 1671 1991 1730 et
2036 1683 2312 1747 sororeS‚
2360 1666 2427 1730 in
2456 1667 2671 1747 capita
2704 1685 2921 1732 succe-

547 1757 741 1836 dunt,
814 1762 1082 1837 nepotes
1149 1773 1303 1820 vero
1374 1761 1441 1819 et
1499 1758 1725 1835 neptes
1797 1771 1873 1817 ac
1940 1752 2283 1818 ulteriores
2339 1754 2406 1817 in
2467 1757 2717 1835 stirpeS,
2798 1773 2923 1819 non

549 1845 1001 1926 distinguendo
1047 1861 1266 1908 sexum
1316 1843 1417 1906 vel
1456 1842 1608 1920 jura
1650 1841 2009 1922 potestatis,
2058 1841 2171 1906 sed
2220 1843 2357 1907 sola
2392 1842 2670 1907 naturali
2734 1859 2930 1907 causa

540 1935 830 2014 inspecta
875 1921 990 2012 (F.
1041 1933 1081 1995 7
1131 1939 1188 1996 et
1233 1931 1305 1996 F.
1356 1931 1418 1995 8.
1415 1921 1461 2012 )

737 2039 1072 2106 Successio
1117 2041 1180 2105 in
1229 2041 1442 2120 capita
1485 2039 1747 2122 proprie
1795 2039 2031 2105 dicitur
2075 2040 2236 2122 fieri,
2287 2044 2540 2122 quando
2588 2043 2919 2110 hereditas

538 2129 846 2193 dividitur
889 2127 1239 2192 secundum
1271 2147 1602 2193 numerum
1636 2146 2077 2208 personarum,
2109 2131 2229 2194 hoc
2274 2137 2375 2195 est
2420 2133 2794 2211 aequaliter.
2846 2131 2917 2196 In

537 2217 772 2298 stirpes
817 2215 957 2280 fieri
1005 2216 1260 2294 dicitur,
1327 2217 1579 2296 quando
1627 2216 1847 2295 plures
1894 2222 2142 2282 tantum
2206 2219 2552 2300 accipiunt,
2618 2223 2922 2299 quantum

542 2322 723 2370 unus,
771 2305 865 2370 Ut
910 2305 964 2369 si
995 2310 1291 2370 extarent
1323 2303 1446 2368 duo
1478 2304 1594 2369 filii
1625 2310 1693 2370 et
1737 2310 1871 2369 tres
1902 2311 2171 2386 nepotes
2204 2325 2283 2370 ex
2312 2305 2442 2372 filio
2484 2314 2921 2388 praemortuo,

542 2392 942 2457 divideretur
1001 2392 1330 2459 hereditas
1387 2392 1670 2460 defuncti
1732 2395 1794 2457 in
1844 2398 1975 2458 tres
2018 2399 2261 2474 parteS‚
2321 2413 2593 2476 quarum
2657 2397 2925 2475 quilibet

539 2480 813 2547 filiorum
883 2499 1073 2547 unam
1118 2481 1410 2561 haberet,
1481 2487 1547 2547 et
1592 2482 1787 2546 tertia
1843 2499 1997 2561 pars
2064 2482 2235 2548 inter
2305 2489 2573 2565 nepotes
2640 2483 2921 2550 defuncti

541 2570 953 2634 divideretur.
1003 2570 1090 2633 Et
1118 2570 1238 2634 hoc
1271 2570 1455 2635 modo
1500 2589 1627 2635 non
1659 2570 1861 2634 solum
1896 2571 2247 2636 succedunt
2276 2572 2461 2636 liberi
2504 2577 2652 2653 post
2680 2572 2918 2652 dotem,

540 2660 660 2723 hoc
707 2663 807 2722 est
843 2658 1033 2737 justis
1077 2658 1318 2738 nuptiis
1365 2658 1705 2739 progeniti,
1770 2656 1885 2722 sed
1934 2660 2127 2724 etiam
2176 2662 2557 2742 anteriores,
2604 2679 2724 2741 per
2770 2662 2918 2726 sub—

541 2764 815 2826 sequens
847 2748 1322 2811 matrimonium
1355 2747 1712 2827 legitimati,
1763 2746 1872 2825 qui
1915 2752 1982 2811 et
2026 2747 2121 2826 iis,
2172 2748 2280 2826 qui
2309 2758 2540 2830 postea
2583 2749 2719 2812 nati
2752 2753 2917 2825 sunt,

540 2834 936 2899 occasionem
981 2834 1252 2913 legitimi
1283 2836 1553 2899 nominis
1583 2834 2067 2916 praestiterunt.
2119 2834 2283 2899 Sunt
2320 2842 2533 2901 autem
2581 2844 2718 2901 tres
2750 2836 2922 2901 modi

538 2922 1050 3003 legitimationis:
1099 2922 1259 2985 alius
1305 2940 1423 3002 per
1452 2923 1837 2987 oblationem
1883 2923 2120 3001 curiae,
2181 2922 2343 2987 alius
2372 2942 2491 3005 per
2534 2925 2917 3005 rescriptum

539 3010 865 3092 principis,
925 3010 1088 3075 alius
1147 3028 1267 3091 per
1324 3011 1719 3090 subsequens
1778 3010 2270 3077 matrimonium.

735 3119 1068 3185 Secundus
1144 3120 1300 3185 ordo
1385 3125 1487 3183 est
1552 3122 2081 3204 ascendentium,
2155 3122 2341 3201 juxta
2408 3122 2601 3187 illud:
2676 3122 2921 3188 Ordine

542 3209 821 3288 turbam,
890 3208 1182 3274 succedis
1228 3206 1510 3287 Bulgare
1557 3215 1729 3273 nato.
1799 3210 2053 3274 Etenim
2127 3210 2423 3276 defuncto
2484 3212 2622 3275 sine
2680 3210 2919 3289 liberiS,

539 3302 846 3377 parentes
894 3299 949 3362 si
993 3296 1113 3361 soli
1145 3302 1324 3375 sunt,
1374 3296 1744 3376 succedunt,
1794 3299 1972 3363 salva
2016 3299 2256 3379 gradus
2303 3300 2401 3365 sui
2445 3300 2920 3380 praerogativa.

539 3386 609 3449 Si
655 3384 799 3465 pari
845 3391 993 3450 sunt
1027 3385 1253 3465 gradu,
1299 3386 1548 3465 pariter
1593 3388 1961 3464 succedunt,
2012 3388 2299 3467 paternis
2333 3388 2587 3467 quidem
2636 3386 2918 3467 dimidia,

537 3474 845 3537 maternis
907 3473 1036 3538 alia
1081 3474 1343 3539 dimidia
1389 3474 1626 3553 delata,
1688 3474 1842 3538 licet
1902 3476 1987 3538 sit
2049 3476 2270 3555 dispar
2316 3493 2534 3540 eorum
2594 3493 2919 3540 numerus.

539 3561 670 3626 Sed
740 3562 794 3625 si
863 3579 1004 3625 cum
1068 3563 1445 3642 parentibus
1513 3560 1749 3627 fratres
1812 3568 1877 3627 et
1937 3580 2192 3628 sorores
2252 3564 2551 3644 utrinque
2622 3562 2919 3628 defuncto

545 3648 862 3729 conjuncti
895 3651 1236 3730 supersint,
1287 3654 1600 3715 vocantur
1630 3668 1772 3714 cum
1813 3652 2306 3717 ascendentibus
2336 3650 2543 3733 gradu
2594 3652 2935 3732 proximiS,-

540 3739 632 3802 ita
677 3742 750 3801 ut
807 3738 1023 3802 viriles
1079 3738 1410 3819 portiones
1456 3736 1633 3818 fiant,
1696 3738 1953 3804 exclusa
2014 3757 2275 3820 prorsus
2332 3742 2501 3804 omni
2560 3738 2923 3804 differentia

541 3844 728 3890 sexus
788 3832 856 3891 et
913 3828 1168 3906 patriae
1214 3826 1555 3907 potestatis
1617 3818 1734 3905 (F.
1785 3826 1887 3891 12.
1941 3827 2114 3892 Dist.
2165 3830 2205 3892 1
2253 3836 2311 3892 et
2350 3818 2478 3909 2.).
2549 3828 2923 3893 Memineris

541 3918 778 3993 autem,
825 3920 920 3978 tot
966 3933 1108 3979 esse
1157 3914 1641 3980 ascendentium
1690 3916 1823 3979 sive
1870 3922 2208 3995 parentum
2256 3917 2526 3997 specieS‚
2576 3920 2731 3996 quot
2762 3915 2920 3978 dixi-

539 4020 678 4066 mus
724 4001 1243 4067 descendentium
1291 3992 1406 4083 (F.
1455 4004 1562 4069 12.
1609 4002 1786 4067 Dist.
1833 3992 1935 4085 4.)

741 4112 998 4179 Tertius
1060 4114 1218 4178 ordo
1284 4113 1348 4177 in
1394 4114 1797 4179 successione
1865 4119 1966 4178 est
2020 4114 2499 4195 collateralium,
2570 4132 2770 4195 usque
2840 4114 2921 4177 ad

541 4202 855 4268 decimum
904 4201 1172 4282 gradum
1219 4192 1334 4279 (F.
1369 4203 1468 4267 15.
1507 4202 1683 4267 Dist.
1715 4203 1777 4268 2.
1778 4195 1837 4283 ).
1888 4203 2201 4267 Cessante
2246 4220 2477 4283 nempe
2522 4202 2922 4267 successione

540 4291 751 4356 lineae
824 4290 1269 4355 descendentis
1332 4297 1398 4354 et
1457 4292 1878 4369 ascendentis,
1943 4298 2254 4355 vocantur
2320 4290 2401 4355 ad
2454 4290 2920 4356 successionem

535 4378 745 4459 primo
776 4377 1034 4457 fratreS,
1083 4378 1432 4458 fratrisque
1479 4381 1875 4459 praemortui
1909 4378 2021 4442 filii
2068 4379 2130 4443 in
2172 4378 2430 4460 stirpeS,
2472 4379 2618 4460 jure
2649 4396 2917 4459 reprae-

541 4468 920 4531 sentationis
951 4458 1064 4548 (F.
1099 4468 1185 4531 11
1219 4474 1274 4529 ct
1312 4466 1383 4533 F.
1417 4457 1584 4547 13).
1634 4467 1793 4531 Dico
1844 4472 2058 4532 autem
2107 4467 2187 4530 de
2233 4466 2538 4532 fratribus
2569 4485 2918 4545 eorumque

533 4554 700 4635 filiis,
751 4556 858 4635 qui
907 4576 984 4619 ex
1032 4560 1302 4634 utroque
1349 4560 1619 4635 parente
1667 4556 2047 4635 contingunt
2088 4574 2257 4635 eum,
2307 4555 2387 4619 de
2437 4556 2615 4636 cujus
2660 4553 2918 4619 heredi÷
