3350 5050
533 557 616 625 42
1327 556 1390 612 V.
1435 557 1769 624 Ophthalmii
1812 557 2121 612 processus,

731 693 1031 760 Nonnulli
1079 694 1326 761 addunt
1371 701 1438 761 et
1487 697 1769 776 quintam
1828 715 2091 763 causam
2134 697 2415 776 divortii,
2464 697 2915 777 desertionem,

536 783 584 846 si
636 783 905 848 maritus
950 784 1312 848 deseruerit
1357 803 1644 864 uxorem,
1694 785 1793 850 vel
1850 785 1960 851 illa
2005 786 2326 851 maritum.

733 893 974 957 Versus
1041 898 1256 959 autem
1320 894 1398 957 de
1456 894 1566 973 iis,
1633 913 1799 974 quae
1866 895 1967 960 vel
2024 896 2497 960 matrimonium
2561 895 2921 976 impediunt

536 981 634 1045 vel
683 985 1080 1046 contractum
1131 981 1456 1060 dirimunt,
1505 981 1669 1047 tales
1716 983 2073 1049 habentur:

825 1091 1046 1168 Error,
1097 1091 1396 1170 conditio,
1446 1099 1684 1172 votum,
1733 1092 2047 1172 cognatio,
2096 1094 2362 1173 crimen,

819 1178 1043 1244 Cultus
1091 1179 1456 1260 disparitaS‚
1507 1181 1621 1258 vis,
1669 1180 1847 1257 ordo,
1896 1180 2194 1260 ligamen,
2242 1181 2573 1262 honestas3

827 1267 891 1331 Si
940 1267 1029 1332 sis
1076 1265 1298 1346 affinis,
1349 1268 1450 1332 vel
1500 1268 1668 1335 forte
1714 1269 1887 1333 coire
1937 1270 2266 1348 nequibis:

823 1357 1006 1421 Haec
1053 1355 1358 1421 socianda
1405 1361 1627 1422 vetant
1670 1357 2009 1434 connubia,
2058 1356 2229 1423 sacta
2276 1364 2651 1424 retractant.

748 1465 848 1530 Ex
907 1465 1041 1546 jam
1105 1467 1293 1531 dictis
1356 1475 1568 1548 patet,
1638 1467 1982 1532 divortium
2047 1467 2237 1542 nihil⁸
2272 1468 2442 1533 aliud
2522 1488 2662 1534 esse
2732 1487 2919 1548 quam

535 1554 890 1635 legitimam
923 1555 1408 1636 separationem
1455 1556 1671 1620 mariti
1720 1561 1785 1621 et
1814 1556 2048 1634 uxoriS,
2100 1573 2242 1620 cum
2278 1575 2511 1622 causae
2557 1557 2921 1639 cognitione

542 1643 714 1723 apud
761 1648 1234 1724 competentem
1275 1643 1577 1722 J'udicem.

731 1751 1212 1816 Matrimonium
1262 1758 1360 1817 est
1394 1753 1644 1834 species
1677 1754 1993 1818 materiae
2026 1753 2396 1834 spiritualiS,
2434 1755 2615 1836 cujus
2646 1757 2922 1838 cognitio

537 1841 620 1905 ad
679 1835 1149 1905 ecclesiasticos
1195 1841 1496 1920 pertinet.
1557 1841 1713 1905 Ideo
1762 1843 1956 1906 etiam
2012 1860 2246 1906 causae
2294 1844 2795 1910 matrimoniales
2842 1846 2923 1910 ab

529 1928 930 2010 Imperatore
967 1929 1046 1991 ad
1096 1929 1517 2010 cognitionem
1559 1929 2004 2031 episcoporum
2048 1929 2331 2010 reJectae
2366 1938 2532 1997 sunt.
2574 1933 2663 1998 Et
2693 1953 2915 1998 secun·

531 2017 681 2080 dum
709 2016 993 2081 locorum
1021 2017 1544 2082 consuetudinem
1577 2016 1673 2081 vel
1698 2017 1780 2082 ab
1812 2017 1969 2098 ipsis
1998 2017 2092 2082 vel
2118 2036 2157 2081 a
2198 2020 2616 2101 consistoriiS,
2645 2027 2717 2085 ut
2747 2022 2919 2102 apud

528 2123 644 2169 nos
692 2102 961 2184 Pragae,
1012 2105 1064 2169 si
1111 2111 1260 2170 sunt
1307 2125 1385 2169 ex
1433 2112 1617 2185 parte
1669 2106 1787 2170 sub
1836 2111 2111 2184 utraque
2161 2105 2613 2173 eucharistiam
2662 2109 2921 2175 Domini

531 2193 1146 2272 communicantium,
1175 2199 1665 2273 cognoscuntur,
1688 2193 1767 2258 de
1790 2215 1911 2282 quo
1935 2193 2085 2258 vide
2099 2194 2225 2259 Jas
2244 2193 2443 2283 Praq.
2472 2197 2704 2263 sublit.
2732 2198 2792 2264 G.
2811 2198 2916 2264 36.

726 2303 1287 2384 Redintegrantur
1336 2304 1748 2368 matrimonia
1796 2309 1942 2385 post.
1985 2305 2219 2369 factum
2268 2305 2641 2372 divortium:
2690 2307 2925 2388 Primo,

537 2395 760 2457 mutua
812 2391 1357 2470 reconciliatione,
1406 2392 1709 2472 secunde,
1750 2393 2241 2472 superveniente
2284 2394 2601 2460 adulterio
2650 2417 2689 2460 a
2738 2403 2927 2478 parte

535 2479 725 2558 illiuS,
776 2498 940 2560 quae
992 2481 1158 2560 petit
1207 2479 1582 2559 divortium;
1631 2481 1845 2555 tertie,
1888 2481 1940 2545 si
1988 2481 2330 2548 divortium
2362 2488 2461 2547 est
2490 2501 2607 2563 per
2638 2503 2923 2551 errorem

541 2567 812 2647 sactum;
865 2570 1012 2648 quia
1057 2569 1120 2632 in
1171 2586 1367 2633 causa
1409 2570 1864 2635 matrimoniali
1904 2569 2078 2633 nulla
2121 2573 2439 2635 sententia
2487 2573 2647 2637 adeo
2696 2576 2929 2639 transit

540 2657 601 2721 in
645 2675 782 2721 rem
823 2656 1197 2736 judicatam,
1266 2662 1336 2721 ut
1379 2675 1504 2721 non
1553 2658 1760 2737 possit
1802 2658 2146 2724 retractari
2210 2665 2541 2739 comperta
2604 2664 2919 2736 veritate:

531 2750 780 2823 quarto,
862 2746 1115 2824 quando
1177 2743 1452 2808 infidelis
1513 2747 1945 2824 convertitur,
1990 2752 2141 2811 tunc
2204 2746 2426 2821 fidelia,
2492 2750 2601 2827 qui
2662 2752 2925 2831 propria

537 2834 924 2897 auctoritate
991 2834 1072 2897 ab
1120 2852 1196 2897 eo
1243 2834 1528 2913 recessit,
1579 2834 1856 2900 vicissim
1915 2833 2007 2897 illi
2066 2836 2435 2901 cohabitare
2500 2838 2923 2918 compellitur.

739 2941 902 3019 Quia
949 2943 1014 3007 in
1065 2944 1275 3007 causis
1322 2943 1893 3008 matrimonialibus
1932 2943 2038 3022 Jus
2084 2932 2471 3010 Canonicum
2520 2948 2922 3019 observatur,

531 3049 608 3093 eo
659 3031 831 3110 quod
863 3030 1336 3096 matrimonium
1384 3032 1468 3095 sit
1511 3031 1765 3111 species
1812 3032 2126 3096 materiae
2158 3033 2530 3114 spiritualis,
2576 3054 2775 3114 quare
2808 3055 2923 3118 pro

528 3118 626 3195 iis,
687 3118 793 3197 qui
847 3118 955 3199 jus
1011 3118 1168 3182 illud
1213 3138 1338 3182 non
1409 3118 1653 3184 habent
1726 3124 1792 3183 et
1851 3120 1913 3182 in
1964 3120 2356 3185 consistoriis
2414 3141 2641 3187 causas
2698 3125 2921 3189 matri-

529 3204 836 3270 moniales
886 3205 1258 3285 ‹lefendunt,
1332 3206 1580 3285 aliquas
1639 3207 1899 3285 regulas
1946 3226 2313 3274 communes
2374 3230 2453 3274 ex
2510 3213 2735 3275 eodem
2775 3211 2923 3290 jnre

529 3293 850 3359 Canonico
897 3294 1021 3358 huc
1067 3294 1328 3359 adferre
1375 3294 1577 3357 visum
1626 3299 1747 3361 est.

1501 3512 1550 3577 1.
1601 3513 1941 3594 Regula.

735 3662 1118 3726 Conditione
1177 3662 1444 3726 honesta
1515 3679 1590 3725 ac
1651 3661 1961 3742 possibili,
2041 3662 2105 3724 in
2174 3661 2487 3742 principio
2556 3667 2922 3730 contractus

538 3750 1004 3831 sponsaliorum
1054 3756 1166 3813 aut
1203 3750 1583 3815 matrimonii
1633 3748 1909 3828 adjecta,
1958 3748 2168 3813 sinon
2213 3749 2411 3815 fuerit
2455 3752 2740 3833 impleta,
2790 3750 2915 3818 dis·

532 3839 802 3904 solvitur
849 3842 1234 3903 contractus

736 3949 1065 4029 Ejusmodi
1104 3947 1383 4013 conditio
1417 3966 1556 4013 esse
1607 3947 1801 4011 debet
1832 3954 1947 4012 aut
1971 3944 2349 4026 voluntaria,
2389 3954 2502 4012 aut
2530 3954 2917 4031 necessaria,

534 4057 700 4118 quae
749 4056 1123 4101 consensum
1171 4037 1555 4101 matrimonii
1620 4041 1751 4099 tam
1802 4036 1911 4098 diu
1956 4034 2309 4115 suspendit,
2372 4035 2577 4100 donec
2638 4037 2917 4161 conditio

537 4126 857 4201 extiterit3
912 4125 1140 4189 veluti:
1199 4125 1482 4203 „Ducam
1515 4129 1580 4188 te
1610 4123 1677 4186 in
1711 4140 1991 4201 uxorem,
2024 4142 2075 4187 si
2112 4121 2239 4187 nihi
2277 4124 2529 4188 dederis
2580 4116 2873 4189 centum“

534 4230 678 4279 nam
726 4232 851 4277 non
899 4212 1066 4277 datis
1124 4214 1249 4278 illis
1296 4217 1571 4290 centum,
1636 4228 1777 4275 eam
1826 4210 2062 4275 ducere
2130 4230 2255 4275 non
2306 4230 2515 4291 cogor,
2587 4212 2709 4276 nisi
2752 4212 2917 4278 forte

537 4307 762 4383 postea
809 4318 1156 4365 consensus
1206 4300 1286 4364 (le
1333 4299 1683 4380 praesenti,
1734 4306 1845 4363 aut
1889 4298 2165 4363 carnalis
2213 4300 2297 4364 sit
2350 4300 2521 4363 intel
2565 4318 2683 4365 nos
2745 4319 2919 4366 com-

541 4390 756 4454 mixtio
804 4389 1161 4455 subsecuta.
1231 4388 1353 4465 Qui
1397 4406 1627 4467 nempe
1695 4388 1809 4450 sub
1870 4388 2139 4452 honesta
2188 4369 2553 4452 conditio'ne
2598 4387 2921 4468 sponsalia

535 4476 856 4543 contrahit
915 4485 978 4542 et
1049 4484 1244 4542 ante
1269 4476 1648 4541 conditionis
1710 4481 2006 4540 exentum
2070 4476 2515 4555 desponsatam
2576 4476 2917 4557 cognoscit,

531 4584 572 4631 a
616 4566 981 4631 conditione
1027 4564 1324 4647 apposita
1369 4563 1632 4630 recedit.
