3350 5050
1101 481 1207 538 Tit.
1245 479 1520 550 xxxiv„
1555 479 1785 536 xxxv.
1818 489 1878 536 et
1912 479 2170 537 xxxvi.
2731 485 2807 552 61

431 622 744 792 gemnari)
783 622 1040 687 debeat.
1109 619 1315 701 Igitur
1360 619 1709 700 penultimo
1768 621 1905 686 loco
1979 619 2061 684 de
2123 621 2419 702 expensis
2480 620 2816 702 subjicitur

632 800 998 879 Expensae‚
1058 795 1138 860 de
1187 793 1415 874 quibus
1469 794 1572 859 hic
1641 793 2003 876 loquimur,¹
2042 797 2197 862 nihil
2259 797 2428 862 aliud
2492 804 2642 862 sunt
2697 795 2817 860 nisi

433 894 726 970 sumptus
743 884 1110 957 necessarii,
1135 881 1290 946 sacti
1325 882 1388 945 in
1407 882 1645 962 judicio
1672 884 1845 948 circa
1861 885 1990 948 litis
2010 887 2525 965 prosecutionem
2545 876 2652 963 (O.
2673 876 2817 964 19.)

631 975 988 1056 Expensae,
1053 987 1216 1051 quae
1263 969 1425 1034 fiunt
1488 975 1674 1035 extra
1712 971 2043 1051 judicium,
2106 971 2279 1038 circa
2336 991 2471 1037 rem
2520 973 2814 1038 mobilem

440 1065 538 1130 vel
585 1063 994 1141 immobilem,
1055 1064 1203 1124 sunt
1254 1064 1367 1123 aut
1410 1060 1833 1140 necessariae,
1895 1079 2061 1140 quae
2126 1061 2180 1124 si
2228 1078 2351 1126 non
2397 1059 2647 1135 fierent,
2712 1079 2819 1125 res

434 1158 607 1219 esset
673 1151 926 1216 omnino
993 1148 1301 1230 peritura,
1363 1148 1461 1212 vel
1523 1147 1815 1212 deterior
1875 1148 2121 1227 futura3
2194 1156 2309 1213 aut
2368 1148 2578 1229 utiles,
2650 1167 2817 1228 quae

435 1261 572 1306 rem
640 1240 882 1305 faciunt
949 1237 1300 1314 meliorem,
1374 1241 1441 1299 et
1516 1233 1907 1302 deteriorem
1980 1254 2124 1300 esse
2192 1254 2316 1300 non
2388 1237 2636 1314 sinunt;
2707 1244 2818 1300 aut

434 1329 867 1406 voluntariae,
937 1342 1105 1406 quae
1165 1341 1302 1387 rem
1361 1328 1703 1401 exornant,
1768 1330 1840 1389 ut
1898 1325 2227 1406 picturae,
2296 1325 2544 1403 viridia,
2610 1341 2817 1404 aquae

436 1419 742 1483 salientes
786 1421 908 1480 etc.

633 1503 972 1584 Expensas
1039 1503 1292 1566 taxatas
1363 1505 1429 1564 et
1501 1499 1869 1581 juramento
1932 1500 2190 1565 victoris
2252 1500 2579 1582 probatas,
2650 1499 2821 1566 omni

435 1591 620 1656 modo
687 1593 892 1657 victus
938 1595 1198 1656 tenetur
1257 1587 1622 1666 refundere,
1688 1588 1809 1652 nisi
1870 1587 2219 1668 legitimam
2282 1607 2358 1653 ac
2421 1589 2817 1671 probabilem

439 1679 729 1760 litigandi
777 1697 1036 1743 causam
1084 1675 1386 1742 habuerit
1434 1669 1598 1754 (Jua
1647 1676 1843 1742 Prov.
1896 1675 1987 1740 M.
2039 1669 2139 1756 7.)

629 1767 704 1831 In
739 1784 940 1831 causa
968 1782 1393 1846 expensarum
1430 1763 1757 1844 judicialis
1788 1762 1861 1828 fit
1916 1765 2181 1843 taxatio,
2220 1770 2286 1828 et
2322 1765 2375 1828 si
2408 1783 2559 1844 pars
2594 1765 2821 1830 victrix

437 1854 745 1934 ejusmodi
813 1854 1120 1920 taxationi
1175 1851 1646 1930 reclamaverit,
1696 1853 2055 1931 dixeritque
2118 1870 2189 1916 se
2247 1852 2392 1934 plus
2452 1853 2819 1917 necessario

434 1944 832 2024 expendisse,
888 1962 960 2008 eo
1007 1943 1072 2006 in
1119 1958 1272 2004 casu
1319 1956 1437 2019 per
1477 1939 1757 2017 judicem
1805 1941 1863 2005 ei
1903 1941 2340 2020 juramentum
2392 1940 2699 2006 defertur.

635 2031 794 2096 Pars
845 2031 1101 2095 vincens
1157 2029 1328 2092 intra
1373 2027 1524 2092 XIV
1573 2028 1731 2107 dieS,
1794 2033 2131 2108 postquam
2194 2029 2327 2092 lata
2374 2031 2694 2094 sententia
2758 2029 2818 2092 in

434 2139 572 2184 rem
623 2119 975 2202 judicatam
1043 2116 1362 2194 transivit,
1422 2113 1674 2196 partem
1746 2117 1975 2180 victam
2041 2116 2122 2179 ad
2197 2116 2507 2196 judicium
2565 2117 2817 2180 decem-

435 2209 638 2273 virum
701 2199 856 2286 (quo
910 2207 1074 2270 haec
1131 2203 1298 2268 actio
1359 2204 1439 2268 de
1509 2204 1668 2268 Jure
1718 2203 1905 2284 Prag.
1956 2203 2265 2284 pertinet)
2314 2206 2536 2283 citare,
2608 2211 2677 2269 et
2742 2206 2821 2267 de

442 2297 734 2377 expensis
802 2295 1142 2360 convenire
1205 2292 1420 2372 debet,
1481 2291 1631 2356 dum
1704 2295 1919 2358 tamen
2000 2291 2531 2371 protestationem
2602 2283 2819 2372 (quam

444 2401 560 2449 nos
630 2381 886 2446 auto!
954 2375 1282 2458 vocamus)
1342 2380 1403 2443 in
1467 2381 1638 2445 dicto
1704 2380 1941 2460 judicio
2018 2382 2415 2462 tempestive,
2476 2385 2819 2459 antequam

447 2492 562 2556 pro
632 2490 701 2537 se
769 2472 905 2537 lata
950 2468 1268 2535 sententia
1331 2469 1405 2553 ,in
1453 2485 1648 2534 causa
1714 2467 2069 2551 principali,
2130 2469 2209 2534 ad
2272 2487 2408 2533 rem
2469 2467 2822 2548 judicatam

445 2562 836 2641 transiverit,
885 2560 1254 2639 interponat
1298 2553 1402 2635 (0.
1452 2548 1596 2637 14.)

649 2649 746 2714 De
787 2647 936 2726 jure
967 2645 1149 2711 Civili
1196 2644 1364 2709 idem
1408 2645 1624 2725 judex,
1659 2647 1767 2724 qui
1814 2646 1877 2710 in
1912 2664 2109 2710 causa
2137 2646 2477 2727 principali
2510 2646 2826 2725 cognovit,

449 2754 700 2817 quoque
729 2736 856 2801 fert
887 2733 1271 2800 sententiam
1305 2732 1384 2797 de
1418 2734 1737 2814 expensiS‚
1788 2734 2075 2812 inprimis
2121 2735 2173 2797 si
2216 2733 2410 2799 fuerit
2440 2734 2820 2813 requisitus:

448 2844 596 2890 nam
661 2826 711 2889 si
760 2842 884 2889 non
938 2822 1327 2904 judicaverit
1383 2822 1568 2886 simul
1632 2821 1714 2885 de
1774 2822 2089 2902 expensiS,
2148 2822 2295 2886 illae
2354 2821 2625 2904 amplius
2692 2821 2827 2902 peti

449 2932 576 2979 non
623 2917 906 2993 possunt.
956 2912 1160 2990 Quum
1193 2909 1358 2974 enim
1393 2910 1555 2974 tales
1587 2927 1909 2990 expensae
1944 2914 2152 2974 ortum
2184 2909 2533 2976 habuerint
2563 2916 2829 2992 propter

448 3002 648 3082 litem,
707 2999 1011 3066 finiuntur
1070 3006 1136 3064 et
1181 3000 1538 3062 moriuntur
1587 3015 1727 3062 cum
1771 2999 1913 3078 ipsa
1960 2997 2090 3079 lite,
2148 3017 2270 3079 per
2313 2999 2635 3078 regulam:
2692 2996 2826 3078 „Ne

451 3090 528 3154 lis
576 3092 822 3153 oriatur
869 3106 948 3153 ex
991 3076 1162 3153 lite.“

651 3176 988 3242 Sententia
1044 3176 1125 3240 de
1185 3175 1502 3255 expensis,
1567 3174 1648 3236 ad
1712 3174 1993 3237 triduum
2055 3174 2408 3237 executioni
2469 3174 2827 3251 mandatur,

460 3284 578 3331 nec
624 3269 1006 3347 expectatur
1051 3263 1200 3328 XIV
1237 3264 1396 3341 dieS,
1445 3268 1516 3326 ut
1563 3262 1624 3324 in
1674 3280 1869 3325 causa
1914 3260 2249 3342 principali
2296 3261 2530 3340 (015.
2566 3254 2832 3347 adsta.)

655 3368 835 3421 Causa
872 3366 1110 3421 efficiens
1149 3382 1508 3434 expensarum
1549 3373 1632 3419 est
1669 3363 1737 3418 lis
1782 3364 2117 3433 principalis,
2155 3365 2301 3417 circa
2337 3364 2491 3431 cujus
2520 3363 2831 3431 judicialem

454 3440 884 3507 prosecutionem
925 3446 1053 3493 sunt
1091 3437 1286 3491 sactae.

655 3512 962 3579 Subjectum
1002 3517 1128 3563 sunt
1167 3508 1260 3575 jus
1317 3516 1371 3561 ct
1410 3506 1653 3578 materia,
1706 3523 1894 3561 aurum
1951 3506 2031 3557 vel
2074 3513 2374 3574 argentum,
2424 3507 2477 3559 iu
2532 3523 2670 3574 quae
2712 3522 2829 3573 per-

449 3583 744 3637 solvuntur.

649 3654 928 3722 Objectum
968 3662 1052 3706 est
1089 3668 1236 3720 pai-S,
1276 3652 1363 3704 cui
1403 3650 1781 3705 refunduntur.

649 3728 866 3795 Forma,
903 3725 1048 3793 quod
1076 3727 1202 3791 jure
1229 3723 1458 3777 actionis
1497 3729 1553 3775 et
1586 3721 1765 3774 officio
1795 3719 1995 3787 jmlieis
2025 3728 2287 3787 petuntur
2326 3737 2388 3773 ac
2436 3719 2825 3787 persolvuntur.

647 3798 797 3851 Finis
836 3805 936 3865 est,
972 3806 1032 3849 ut
1059 3797 1332 3849 temeritas
1359 3794 1681 3861 litigantium
1714 3799 2090 3859 compescatur
2128 3800 2183 3844 et
2208 3792 2376 3845 victor
2402 3808 2555 3844 suum
2598 3790 2829 3857 ricipiat.

1409 3977 1536 4048 De
1585 3986 1872 4045 amato,

1266 4116 1647 4181 Titulus
1715 4110 2015 4175 XXXVI.

650 4235 813 4315 Quia
873 4238 937 4301 in
983 4234 1108 4303 fine
1165 4234 1354 4313 hujus
1409 4250 1751 4315 processus
1807 4231 1871 4294 in
1932 4231 2209 4293 mentem
2260 4226 2452 4306 venit,
2514 4244 2713 4307 supra
2769 4225 2832 4290 in

452 4325 664 4390 Titulo
739 4326 820 4391 de
892 4326 1194 4391 citatione
1251 4324 1486 4386 nullam
1548 4321 1936 4385 mentionem
2011 4316 2242 4380 arresti
2312 4334 2426 4379 seu
2512 4314 2834 4378 citationis

453 4415 666 4495 realiS‚
715 4420 828 4480 aut
872 4416 1087 4496 potius
1142 4429 1442 4477 manuum
1487 4409 1870 4489 iuJectioniS,
1920 4424 2064 4469 esse
2104 4404 2357 4481 factam,
2407 4410 2475 4467 et
2522 4400 2833 4482 ejusmodi

457 4510 710 4569 arresta
784 4504 850 4569 in
896 4502 1033 4567 soro
1101 4508 1320 4567 nostro
1377 4515 1504 4564 non
1571 4514 1842 4578 parvum
1905 4512 2087 4559 usum
2134 4492 2442 4558 habeant:
2512 4496 2840 4572 postremo
