3350 5050
467 580 552 650 28
1265 575 1330 630 V.
1372 572 1707 642 Ophthalmii
1744 571 2055 628 PtocessuS.

925 725 949 792 s
1414 719 1701 759 causarum
1764 704 1818 757 in
1882 699 2224 764 defensione3
2290 697 2344 751 id
2408 704 2607 754 vocant
2655 699 2851 753 Graeci

1529 777 1731 850 ἀίτιον,
1778 785 2039 840 causidici
2090 782 2478 850 exceptionem,
2519 797 2679 849 quam
2724 797 2849 835 reus

1527 863 1707 917 adfert
1744 885 1843 935 pro
1884 867 2195 922 defensione
2235 879 2365 916 suae
2405 862 2594 930 partis,

471 936 722 990 Deducta
747 939 800 990 in
823 937 898 990 fo·
992 938 1278 992 collatione
1419 937 1743 990 firmamenti
1813 942 1870 994 in
1944 939 2191 1002 actione3
2268 935 2321 988 id
2389 939 2587 987 vocant
2661 933 2855 988 Graeci

525 1025 644 1062 rum
665 1009 896 1075 proban·
923 1007 956 1362 Ι
1531 1010 1813 1094 συνέχον,
1838 1020 2099 1074 causidici
2121 1017 2543 1084 replicationem,
2566 1032 2676 1084 qua
2701 1021 2855 1069 actor

535 1087 624 1132 ¹¹¹¹·
661 1081 742 1134 vel
779 1098 842 1134 ⁰¹
1533 1112 1632 1163 pro
1703 1101 2111 1154 confirmatione
2169 1114 2301 1151 suae
2358 1097 2530 1163 partis
2592 1097 2854 1150 adversus

1533 1173 1901 1236 exceptionem
1940 1174 2034 1240 rei,
2075 1170 2261 1224 utitur.

999 1255 1132 1306 pure
1193 1237 1356 1365 {aad
1391 1241 1705 1308 negatione,
1763 1260 1901 1312 quae
1954 1242 2183 1311 imponit
2250 1239 2419 1294 actori
2480 1240 2854 1292 necessitatem

1092 1327 1190 1378 pro
1231 1327 1301 1363 an
1342 1329 1375 1367 1.

919 1491 1050 1562 De
1089 1491 1504 1584 probatione
1540 1518 1679 1591 per
1729 1494 2161 1568 evidentiam
2190 1493 2405 1590 facti.

1388 1651 1716 1717 Titulus
1764 1654 1936 1718 XIV.

677 1787 855 1851 Inter
903 1805 1122 1850 omnes
1165 1786 1577 1866 probationes
1623 1787 1957 1867 potissima
2001 1793 2103 1851 est
2145 1794 2212 1852 et
2254 1788 2596 1870 plurimum
2633 1787 2857 1850 virium

489 1876 685 1940 habet
730 1893 848 1955 pro
881 1879 1158 1954 negante
1207 1875 1636 1938 convincendo
1677 1895 1775 1953 ea,
1810 1892 1975 1955 quae
2013 1877 2086 1940 fit
2116 1895 2235 1956 per
2266 1876 2655 1940 evidentiam
2685 1875 2859 1953 facti,

481 1965 632 2027 dum
677 1963 917 2028 factum
965 1965 1058 2026 ita
1104 1969 1321 2026 notum
1371 1967 1489 2043 est,
1541 1969 1611 2027 ut
1655 1965 1879 2045 negari
1926 1970 2220 2044 nequeat.

673 2051 1084 2132 Exemplum:
1157 2051 1244 2115 Ut
1306 2050 1360 2115 si
1418 2049 1524 2115 fur
1570 2053 1943 2116 manifestus
1990 2071 2131 2117 cum
2196 2072 2269 2116 re
2330 2053 2565 2134 furtiva
2626 2051 2858 2131 depre-

482 2140 718 2204 hensus
767 2139 867 2204 vel
915 2138 1234 2203 homicida
1278 2157 1514 2204 necare
1561 2141 1735 2204 visus
1780 2140 1997 2204 fuerit.
2048 2139 2288 2206 Omnes
2320 2140 2633 2220 ejusmodi
2680 2144 2861 2202 actus
2920 2193 2923 2199 .

483 2227 819 2306 manifesti,
882 2226 988 2306 qui
1049 2227 1408 2308 procedunt
1463 2245 1502 2290 a
1548 2229 1708 2307 visu,
1758 2234 2067 2292 vocantur
2128 2229 2379 2293 notorii.
2442 2227 2607 2292 Hinc
2674 2225 2858 2289 illud:

484 2315 820 2380 Notorimn
871 2333 994 2378 non
1042 2320 1195 2394 eget
1238 2314 1638 2395 probatione.
1696 2317 1785 2380 Et
1830 2314 2015 2380 illud:
2078 2315 2260 2394 Quod
2309 2322 2491 2398 patet
2534 2333 2860 2395 expresse,

482 2423 608 2468 non
680 2411 781 2468 est
846 2404 1126 2483 probare
1193 2421 1472 2469 necesse.
1545 2403 1773 2483 Itaque
1846 2403 2143 2483 quicquid
2219 2404 2699 2488 demonstratae
2768 2403 2863 2465 rei

479 2491 758 2571 additur,
807 2491 962 2556 satis
1009 2493 1510 2563 demonstratae.
1575 2491 1641 2555 id
1689 2493 1936 2557 frustra
1982 2496 2099 2556 est.
2167 2491 2332 2573 Quia
2377 2510 2502 2557 non
2550 2497 2651 2557 est
2697 2509 2856 2572 opus

481 2582 719 2659 νει-ωε,
767 2581 873 2644 ubi
922 2598 1137 2644 rerum
1187 2581 1555 2645 testimonia
1600 2580 1852 2645 adsunt.

675 2682 855 2735 Causa
906 2680 1143 2735 efficiens
1197 2681 1338 2735 hanc
1397 2684 1769 2748 probationem
1822 2690 1905 2735 cst
1941 2692 2095 2736 actus
2150 2682 2486 2750 manifestus,
2538 2699 2636 2748 per
2674 2682 2863 2751 visum,

487 2754 682 2807 famam
725 2753 994 2820 publicam
1033 2759 1088 2805 et
1123 2753 1408 2807 notoriam.
2774 2778 2781 2783 ·

690 2825 999 2889 Subiectum
1037 2831 1122 2877 est
1160 2840 1244 2877 res
1283 2824 1364 2877 vel
1402 2825 1605 2878 factum
1643 2834 2033 2893 perpetratum.

687 2896 967 2961 Objectum
1008 2904 1092 2949 est
1128 2897 1344 2963 negatio
1385 2896 1544 2965 illius,
1585 2897 1729 2966 quod
1768 2899 1888 2964 quis
1928 2897 2053 2951 fecit
2092 2902 2188 2949 aut
2227 2896 2398 2950 debet.

689 2967 886 3019 Forma
925 2976 1007 3019 est
1043 2984 1174 3021 usus
1213 2974 1267 3019 et
1303 2968 1634 3023 consuetudo
1673 2968 1776 3022 fori
1819 2970 1869 3021 in
1910 2968 2190 3035 proba-ndo
2231 2969 2509 3021 servanda.

687 3039 838 3092 Finis
879 3048 976 3103 est,
1015 3047 1075 3092 ut
1113 3039 1388 3093 evidenter
1423 3042 1596 3094 victus
1635 3041 2036 3095 condemnetur.

1019 3222 1143 3294 De
1181 3218 1600 3319 probatione
1637 3245 1773 3317 per
1824 3220 2335 3322 confessionem.

1417 3362 1755 3426 Titulus
1802 3362 1941 3427 XV.

681 3491 838 3557 Post
882 3492 1267 3557 evidentiam
1337 3491 1489 3556 facti
1538 3492 1827 3573 proxima
1885 3494 2203 3575 probandi
2253 3492 2355 3556 via
2401 3495 2521 3570 est,
2583 3508 2747 3569 quae
2796 3488 2869 3553 fit

486 3598 605 3659 per
679 3579 1162 3646 confessionem.
1249 3580 1590 3645 Confessus
1660 3582 1829 3645 enirn
1897 3600 2014 3662 pro
2075 3580 2363 3660 judicato
2433 3578 2727 3657 habetur,
2796 3584 2865 3641 et

486 3668 954 3747 quodammodo
1016 3685 1134 3732 sua
1190 3669 1512 3734 sententia
1583 3670 2066 3735 condemnatur.
2138 3670 2292 3735 Ideo
2351 3669 2413 3731 in
2490 3666 2865 3731 confitentes
2922 3686 2927 3689 ·

489 3755 704 3820 nullae
736 3765 1082 3838 supersunt
1112 3764 1334 3838 partes
1365 3756 1618 3839 judiciS,
1651 3758 1771 3821 nisi
1805 3759 2250 3824 condemnatio
2284 3750 2399 3838 (B.
2427 3756 2531 3821 36.
2561 3754 2737 3819 Dist.
2763 3742 2866 3833 2.)

687 3844 1019 3910 Confessio
1065 3850 1164 3911 est
1193 3846 1524 3927 proprium
1557 3846 1986 3912 testimonium
2016 3846 2397 3922 confitentiS‚
2446 3850 2513 3907 et
2542 3842 2869 3907 confessus

494 3931 576 3995 de
621 3950 692 3996 se
739 3953 935 4016 super
983 3934 1252 3999 aliorum
1302 3934 1707 3999 conscientiis
1751 3934 2143 4015 interrogari
2190 3953 2312 3997 non
2358 3932 2571 4011 debet,
2619 3935 2686 3995 et
2732 3922 2867 4005 (ex-

491 4026 680 4100 cepto
744 4020 1006 4087 crimine
1072 4022 1250 4087 laesa
1316 4017 1705 4103 Majestatis)
1770 4023 1851 4087 (le
1908 4029 2099 4087 reatu
2168 4021 2427 4102 proprio
2490 4016 2871 4083 confitentiS.

495 4108 866 4175 Periculosa
913 4109 1224 4176 confessio
1301 4128 1426 4175 non
1495 4115 1598 4174 est
1657 4110 1967 4174 adversus
2037 4110 2385 4190 quemlibet
2454 4104 2869 4183 admittenda,

495 4196 615 4260 nisi
659 4197 828 4263 forte
875 4198 928 4262 is
975 4198 1173 4263 fuerit
1218 4198 1299 4261 de
1347 4216 1425 4262 eo
1473 4198 1833 4263 infamatus.
1892 4196 1998 4279 (S.
2046 4190 2196 4278 30.)

692 4302 872 4355 Causa
911 4300 1148 4355 efficiens
1187 4302 1330 4354 hanc
1369 4302 1745 4367 probationem
1784 4309 1867 4353 est
1906 4319 2032 4369 pars
2074 4302 2314 4368 allegans
2354 4299 2762 4355 confessionem.

691 4372 1000 4439 Subjectum
1039 4380 1122 4427 est
1160 4374 1282 4440 ipsa
1320 4372 1587 4425 confessio
1629 4372 1858 4439 alicujus
1900 4374 1974 4426 rei
2015 4373 2094 4426 vel
2136 4373 2280 4427 facti.

692 4444 893 4497 Forma
932 4452 1032 4512 est,
1073 4444 1286 4514 quando
1327 4444 1389 4495 fit
1426 4444 1478 4496 in
1509 4444 1737 4512 judicio,
1777 4445 1903 4497 dum
1942 4445 2009 4498 ad
2049 4444 2285 4499 libellum
2324 4444 2704 4511 respondetur.

697 4515 849 4569 Finis
889 4522 988 4585 est,
1027 4524 1088 4569 ut
1123 4516 1402 4571 confessus
1441 4532 1540 4582 pro
1591 4518 1835 4570 convicto
1874 4516 2141 4570 habeatur
2196 4524 2251 4569 et
2287 4516 2357 4569 ad
2396 4515 2711 4569 soivendum
2750 4530 2875 4568 con·

500 4589 796 4643 demnetur.
