3350 5050
537 497 622 568 52
1329 501 1394 558 V.
1434 502 1772 570 Ophthalmii
1807 503 2118 557 ProcessuS.

541 636 1096 717 praesumptiones
1159 658 1239 705 ex
1303 660 1523 710 rerum
1571 641 2088 719 circumstantiiS,
2149 639 2233 704 de
2282 637 2507 718 quibus
2558 637 2705 702 vide
2752 634 2844 703 M.
2886 638 2930 702 5

538 733 594 786 et
641 724 731 788 M.
784 723 892 806 12,
939 725 1130 791 facile
1179 729 1584 810 colliguntur.

1129 833 1438 901 temeraria,
1487 847 1629 900 quae
1664 832 1833 886 habet
1882 831 2143 898 originem
2184 845 2217 882 a
2252 828 2407 882 malis
2462 829 2787 894 hominibuS,
2834 834 2931 879 aut

984 903 1227 969 exsurgit
1277 919 1343 956 ex
1379 904 1586 958 levibus
1625 904 1833 970 causis;
1886 910 1960 970 ut,
2010 901 2253 969 loquitur
2288 917 2407 953 cum
2449 902 2589 968 ipsa,
2642 915 2773 966 ergo
2811 914 2928 951 eam

985 981 1145 1027 amat.
1203 975 1352 1028 Haec
1393 976 1762 1043 praesumptio
1814 982 1899 1027 est
1933 973 2191 1042 invalida,
2246 979 2341 1026 aut
2389 988 2422 1025 a
2453 971 2578 1038 jure
2631 969 2929 1038 repellitur,

986 1061 1083 1096 nec
1123 1045 1284 1099 (lebet
1319 1063 1528 1100 movere
1565 1048 1801 1100 animum
1829 1045 2143 1112 judicantis,

1129 1119 1452 1187 necessaria,
1491 1134 1629 1188 quae
1682 1117 1817 1171 alias
1847 1118 1987 1184 juris
2027 1125 2081 1169 et
2130 1115 2199 1168 de
2228 1115 2354 1182 jure
2390 1131 2491 1169 nec
2544 1130 2653 1167 non
2694 1112 2928 1166 violenta

986 1186 1200 1256 dicitur,
1240 1190 1456 1257 quando
1503 1191 1596 1256 jus
1641 1190 1987 1243 vehementer
2036 1187 2350 1256 praesumit,
2399 1188 2475 1240 sic
2523 1201 2643 1238 esse
2696 1184 2778 1237 vel
2818 1199 2925 1237 uon

541 1254 921 1322 Praesumptio
986 1274 1136 1325 esse;
1186 1270 1264 1329 ut,
1303 1263 1573 1315 contraxit
1611 1277 1731 1313 cum
1768 1260 1863 1314 illa
1900 1261 1971 1314 de
2006 1258 2188 1312 futuro
2228 1266 2282 1311 et
2318 1257 2611 1312 carnaliter
2649 1255 2927 1323 cognovit3

634 1336 717 1381 est
754 1336 852 1381 aut
987 1345 1114 1398 ergo
1154 1333 1546 1387 matrimonium
1587 1341 1672 1386 est
1710 1336 2151 1385 consummatum.
2212 1331 2381 1384 Ictum
2420 1330 2705 1396 evaginato
2746 1326 2923 1396 gladio

985 1401 1222 1472 immisit,
1260 1419 1389 1472 ergo
1428 1405 1751 1458 vulneravit.
1794 1406 1941 1457 Haec
1982 1403 2236 1456 tecmeria
2274 1403 2431 1470 signa
2479 1401 2535 1454 in
2572 1416 2630 1454 se
2667 1401 2925 1466 continet,

987 1489 1126 1542 quae
1153 1474 1392 1540 judicem
1432 1476 1500 1530 ad
1541 1475 2005 1544 pronunciandum
2044 1474 2331 1541 plurimum
2370 1479 2599 1528 movent.

1127 1547 1444 1617 probabiliS,
1471 1563 1610 1616 quae
1637 1563 1703 1600 ex
1729 1546 1911 1600 multis
1938 1547 2119 1600 causis
2146 1545 2391 1612 exsurgit
2415 1552 2470 1597 et
2494 1542 2924 1611 suscipionibus;

986 1621 1063 1684 ut,
1102 1615 1340 1684 gladium
1381 1633 1733 1687 conspersum
1762 1621 2027 1686 sanguine
2053 1617 2237 1685 habet,
2276 1633 2408 1684 ergo
2447 1615 2661 1670 occidit.
2700 1615 2775 1667 Et
2798 1614 2924 1667 huic

986 1691 1414 1756 praesumptioni
1454 1699 1648 1759 statur,
1688 1691 1857 1744 donec
1896 1688 2223 1744 contrarium
2274 1689 2551 1755 probetur.
2600 1688 2765 1740 Haeo-
2784 1687 2927 1739 icota

985 1759 1142 1826 signa.
1179 1762 1434 1816 continet.

745 1851 924 1904 Causa
961 1849 1202 1904 efficiens
1240 1853 1380 1907 hant·
1419 1856 1795 1922 probationem
1836 1862 1917 1906 est
1958 1854 2073 1920 ipse
2111 1853 2367 1918 probans.

741 1923 1049 1988 SubJectum
1089 1932 1216 1977 sunt
1253 1927 1721 1994 praesumptiones
1760 1934 1814 1978 et
1841 1925 2051 1991 judicia
2088 1923 2397 1976 existentia.

743 1993 1020 2060 Objectum
1063 2003 1144 2047 est
1181 1999 1398 2063 negatio
1437 1998 1597 2065 illius,
1635 2007 1827 2051 contra
1867 2013 2023 2065 quem
2064 1995 2343 2062 probatur.

644 2136 676 2188 b
739 2065 940 2118 Forma
977 2074 1076 2134 est,
1133 2067 1348 2134 quando
1389 2070 1757 2136 praesumptio
1796 2085 1858 2120 ex
1900 2066 2319 2120 circumstantiis
2358 2065 2589 2118 collecta
2628 2065 2683 2117 in
2720 2064 2925 2131 judicio

540 2151 640 2202 pro
681 2143 820 2189 atur.

737 2207 888 2266 Finis
928 2213 1028 2276 est,
1065 2215 1125 2262 ut
1161 2211 1362 2266 veritas
1401 2229 1600 2268 causac
1638 2213 1947 2265 innotescat
1974 2210 2164 2277 judici.

1067 2393 1194 2468 De
1235 2393 1648 2490 probatione
1692 2416 1824 2489 per
1856 2389 2404 2488 jusy‘urandum.

1431 2556 1755 2620 Titulus
1800 2553 2034 2618 XXVI.

742 2676 940 2743 Sexta
985 2681 1052 2741 et
1097 2679 1323 2745 ultima
1369 2681 1770 2764 probationis
1831 2680 2079 2761 species
2124 2681 2241 2757 est,
2302 2695 2465 2757 quae
2513 2674 2585 2740 fit
2629 2694 2748 2757 per
2784 2674 2919 2753 Jus-

535 2767 904 2847 jurandum-
969 2763 1262 2846 Namque
1323 2788 1514 2851 quum
1564 2770 1905 2834 maximum
1964 2764 2319 2832 remedium
2379 2764 2917 2846 expediendarum

541 2858 746 2922 litium
810 2854 975 2935 juris
1021 2854 1104 2917 sit
1165 2856 1586 2937 J‘urisjurandi
1646 2858 1892 2939 religio,
1956 2873 2077 2937 per
2118 2872 2262 2918 eam
2333 2854 2433 2917 vel
2480 2872 2558 2918 ex
2624 2853 2921 2934 pactione

541 2947 824 3027 ipsorum
870 2943 1264 3020 litigatorum
1315 2945 1416 3010 vel
1464 2966 1540 3011 ex
1597 2947 1945 3013 autoritate
1986 2942 2221 3023 jndicis
2254 2942 2637 3007 deciduntur
2666 2944 2919 3006 contro-

541 3034 790 3098 versiae
837 3022 1053 3111 (Vide
1099 3028 1151 3095 I.
1199 3026 1348 3113 31.)

734 3116 1192 3198 Jusjurandum
1251 3120 1407 3186 nihil
1455 3123 1625 3188 aliud
1673 3128 1791 3203 est,
1841 3139 2031 3202 quam
2082 3119 2397 3200 quaedam
2441 3118 2615 3196 facti,
2677 3117 2757 3180 de
2798 3133 2921 3195 quo

541 3210 958 3290 disceptatur,
1005 3206 1310 3287 religiosa
1355 3211 1705 3275 secundum
1754 3210 2209 3275 conscientiam
2258 3209 2673 3285 asseverati0‚
2730 3220 2918 3284 quum

539 3295 690 3377 quid
739 3296 921 3375 quasi
967 3294 1105 3358 Deo
1153 3301 1320 3362 teste
1369 3300 1701 3364 asseritur.

737 3383 893 3448 Tale
932 3380 1381 3463 jusjurandum
1431 3392 1532 3451 est
1578 3386 1846 3469 triplex:
1901 3382 2366 3463 Voluntarium,
2418 3383 2585 3461 quod
2635 3380 2924 3447 defertur

539 3492 578 3537 a
625 3477 813 3553 parte
862 3477 1046 3537 extra
1084 3470 1418 3555 judicium,
1467 3477 1773 3556 quodque,
1807 3474 2131 3555 dependet
2178 3491 2255 3537 ex
2289 3473 2554 3538 arbitrio
2604 3475 2672 3536 et
2704 3469 2919 3534 volun-

535 3567 673 3625 tate
735 3560 1033 3642 partium.
1107 3560 1248 3625 Hoc
1315 3581 1442 3627 non
1491 3564 1743 3645 cogitur
1811 3562 1952 3644 quis
2022 3566 2379 3644 praestare,
2449 3579 2569 3625 nec
2644 3559 2919 3624 deferre.
3002 3628 3011 3635 ,

536 3647 873 3728 Judiciale,
910 3648 1079 3728 quod
1125 3648 1420 3716 defertur
1469 3669 1507 3714 a
1553 3657 1739 3733 parte
1787 3652 1959 3732 parti
2004 3652 2068 3715 in
2109 3648 2373 3730 judicio,
2414 3647 2635 3728 judice
2685 3663 2915 3728 appro-⁸

540 3737 750 3801 hante.
828 3736 915 3801 Et
975 3735 1095 3799 hoc
1170 3735 1360 3803 hodie
1419 3743 1636 3820 potest
1702 3738 2025 3818 recusari,
2096 3738 2262 3803 sicut
2348 3739 2417 3800 et
2474 3736 2916 3801 voluntarium.

536 3812 1025 3903 Necessarium,
1103 3824 1272 3905 quod
1352 3846 1470 3907 per
1537 3827 1821 3907 ,iudicem
1898 3826 2187 3892 defertur
2271 3826 2338 3890 in
2410 3824 2918 3906 supplementum

535 3911 998 3992 probationum.
1057 3912 1148 3976 Et
1203 3912 1322 3978 hoc
1385 3916 1774 3995 regulariter
1834 3934 1959 3980 non
2017 3918 2369 3992 recusatur,
2436 3913 2557 3978 nisi
2613 3931 2692 3977 ex
2746 3911 2921 3991 justa

541 4016 735 4063 causa
780 4002 1223 4066 recusationis.
1275 4003 1372 4067 De
1420 4005 1539 4069 hoc
1585 4004 1825 4069 mentio
1871 4003 2150 4068 habetur
2196 4000 2246 4067 J.
2296 4002 2404 4067 33.

735 4086 997 4165 Quoties
1057 4090 1336 4170 partium
1402 4091 1616 4171 aliqua
1675 4091 2027 4172 semiplene
2089 4091 2390 4171 probavit
2454 4107 2573 4171 per
2641 4090 2918 4168 aliquam

535 4174 921 4256 scripturam
952 4178 1288 4259 privatam,
1338 4180 1437 4245 vel
1472 4181 1936 4260 depositionem
1970 4180 2153 4243 unius
2186 4180 2388 4257 testiS‚
2436 4186 2591 4244 tunc
2620 4175 2919 4259 probatio

538 4264 646 4327 illa
691 4265 1028 4346 suppletur
1062 4265 1484 4347 jnrisjurandi
1532 4268 1862 4349 religione.
1916 4266 1983 4333 Si
2020 4285 2172 4332 vero
2206 4272 2387 4332 actor
2432 4266 2588 4331 nihil
2634 4271 2747 4330 aut
2792 4281 2915 4327 non

537 4349 928 4417 sufficienter
973 4355 1367 4436 probaverit,
1415 4362 1549 4421 tum
1597 4376 1747 4421 reus
1794 4356 2171 4421 absolvitur.

731 4441 1004 4506 Romani
1051 4443 1117 4506 in
1170 4442 1556 4523 juramentis
1613 4444 1737 4510 hac
1792 4444 2178 4509 solennitate
2226 4444 2611 4509 utebantur:
2680 4445 2919 4509 Jurans

534 4527 818 4593 habebat
864 4530 927 4593 in
973 4549 1167 4597 manu
1197 4532 1465 4614 silicem,
1501 4533 1921 4613 dicebatque:
1977 4530 2083 4612 „Si
2131 4532 2339 4599 sciens
2386 4532 2557 4613 fallo,
2592 4532 2920 4614 Diespiter
