3350 5050
426 933 589 1014 Do
656 933 1345 1016 malofioiis
1416 955 1624 1014 sou
1696 935 2728 1040 obligationibus,

641 1093 806 1164 quae
851 1095 936 1144 ex
979 1075 1224 1144 delicto
1271 1073 1378 1142 vel
1425 1073 1611 1162 quasi
1660 1070 1770 1152 (ex
1821 1071 2093 1156 delicto)
2146 1077 2534 1142 nascuntur.

586 1267 898 1332 Absolute
938 1264 1104 1345 juris
1152 1265 1460 1330 ordinarii
1506 1281 1836 1344 processu,
1888 1261 2263 1327 delictorum
2321 1265 2599 1345 speciem
2661 1282 2775 1329 seu

397 1356 606 1421 ideam
653 1371 1002 1434 eorumque
1046 1371 1309 1434 poena8‚
1358 1352 1510 1417 licet
1558 1369 1797 1431 crassa,
1848 1351 2014 1428 quod
2049 1352 2249 1428 aiunt,
2296 1352 2609 1431 Minerva,
2658 1371 2775 1433 pro

395 1443 715 1525 ingeniolo
762 1460 905 1507 meo
951 1441 1055 1506 hic
1089 1458 1340 1520 quoque
1387 1459 1466 1504 ex
1505 1439 1651 1520 jure
1699 1446 1916 1505 nostro
1962 1439 2182 1520 paucis
2228 1439 2553 1505 delineare
2588 1440 2774 1506 volui.

397 1531 493 1596 Eo
541 1531 710 1596 enim
757 1537 948 1612 pacto
997 1528 1302 1608 Judicavi‚
1367 1527 1536 1609 quod
1583 1545 1711 1591 non
1757 1529 1879 1593 iste
1938 1527 2141 1592 solum
2188 1528 2491 1592 Aubanus
2540 1528 2774 1593 Teuto-

401 1619 727 1697 bohemuS‚
775 1635 996 1683 verum
1043 1617 1234 1682 etiam
1285 1616 1391 1682 alii
1439 1616 1544 1696 qui
1594 1622 1854 1696 gentem
1900 1615 2203 1680 Boemam
2252 1616 2411 1681 ialso
2459 1623 2779 1694 accusant,

404 1708 570 1788 quod
615 1706 805 1771 nullis
869 1705 1138 1785 legibuS,
1185 1705 1374 1769 nullis
1423 1703 1849 1768 sanctioribus
1908 1703 2213 1767 institutis
2276 1706 2514 1773 utatur,
2580 1706 2780 1768 conti-

406 1799 698 1873 cescent;
767 1793 1162 1875 praesentim
1221 1793 1331 1857 ubi
1379 1791 1972 1868 animadverterint,
2020 1790 2397 1856 delictorum
2454 1793 2782 1857 observari

406 1883 774 1948 discrimina
839 1887 908 1946 et
975 1881 1294 1962 permulta
1359 1881 1642 1962 ipsorum
1718 1878 2131 1944 atrocissimis
2214 1879 2274 1944 in
2358 1878 2478 1943 hoc
2544 1881 2781 1962 inclyto

405 1989 606 2051 regno
675 1969 979 2035 vindicari
1051 1969 1289 2050 poenis,
1357 1968 1640 2032 Primum
1704 1971 1917 2031 autem
1977 1969 2406 2047 praemittam,
2478 1967 2626 2048 quid
2702 1968 2785 2032 sit

409 2075 635 2140 poena,
699 2058 975 2138 qualiter
1033 2056 1466 2136 delinquatur,
1529 2054 1843 2134 quomodo
1890 2055 1954 2119 in
2003 2054 2252 2119 delictis
2283 2055 2673 2136 procedatur
2719 2061 2785 2120 et

405 2153 560 2226 quot
603 2146 730 2210 sint
777 2145 1154 2211 delictorum
1204 2145 1371 2225 apud
1419 2160 1535 2208 nos
1579 2161 1842 2224 genera.

605 2233 724 2298 Est
784 2239 998 2298 autem
1059 2250 1268 2314 poena
1328 2232 1483 2297 nihil
1543 2233 1715 2296 aliud
1765 2249 1955 2311 quam
2022 2248 2253 2296 severa
2308 2231 2609 2311 vindicta,
2658 2249 2785 2310 qua

407 2322 756 2404 puniuntur
801 2322 1244 2399 delinquentes
1289 2310 1418 2400 (M.
1456 2321 1512 2385 1.
1514 2313 1558 2402 )

605 2408 784 2475 Inter
829 2408 1130 2474 mulctam
1179 2412 1246 2472 et
1273 2426 1546 2490 poenam
1576 2407 1699 2472 hoc
1743 2407 2051 2472 interest:
2101 2407 2319 2472 Poena
2350 2413 2450 2472 est
2481 2407 2785 2488 generale

403 2516 634 2564 nomen
703 2504 772 2563 et
838 2496 1115 2563 omnium
1177 2495 1554 2562 delictorum
1615 2495 1951 2576 coerciti03
2026 2494 2263 2561 mulcta
2332 2515 2482 2561 vero
2554 2496 2789 2563 dicitur

404 2587 686 2669 speciale
731 2606 963 2652 nomen
993 2586 1262 2667 peccati,
1313 2585 1490 2665 cujus
1523 2584 1997 2649 animadversio
2030 2583 2218 2649 hodie
2266 2585 2637 2665 pecuniaria
2668 2594 2786 2649 est.

408 2675 626 2739 Poena
671 2674 756 2738 ad
801 2674 1147 2754 ordinaria,
1197 2674 1437 2738 mulcta
1467 2692 1618 2738 vero
1664 2672 1749 2737 ad
1781 2672 2297 2736 extraordinaria
2332 2672 2587 2753 delicta,
2622 2690 2789 2753 quae

407 2762 706 2828 videlicet
752 2763 1195 2827 aestimatione
1235 2759 1468 2841 judicis
1514 2760 1792 2841 irrogari
1833 2760 2017 2839 solet,
2061 2759 2292 2826 referri
2334 2768 2563 2843 potest.
2772 2828 2781 2836 ,

603 2852 963 2916 Poenarum
1030 2868 1272 2931 genera
1342 2854 1524 2928 sunt,
1595 2866 1760 2929 quae
1832 2853 1943 2913 aut
2013 2848 2204 2913 vitam
2279 2850 2601 2929 adimunt,
2677 2855 2786 2914 aut

406 2940 782 3005 servitutem
839 2938 1194 3018 injungunt,
1259 2940 1371 3001 aut
1431 2937 1759 3001 civitatem
1810 2936 2128 3016 auferunt,
2191 2941 2304 3001 aut
2348 2938 2625 3017 exilium,
2676 2945 2786 3002 aut

407 3028 857 3094 coercitionem
907 3026 1192 3106 corporis
1225 3023 1572 3105 continent,
1613 3026 1805 3089 veluti
1853 3024 2113 3089 fustium
2146 3026 2520 3104 admonitiO,
2567 3025 2785 3106 flagel-

405 3117 612 3182 lorum
645 3116 1004 3197 castigatiO,
1030 3114 1423 3178 vinculorum
1450 3114 1839 3194 verberatiO,
1867 3116 1978 3178 aut
2003 3112 2301 3176 damnum
2330 3131 2473 3177 cum
2507 3114 2787 3191 infamia,

408 3209 518 3269 aut
541 3203 874 3284 dignitatis
901 3202 1116 3282 aliqua
1143 3202 1475 3282 depositio,
1510 3207 1624 3266 aut
1648 3201 1921 3282 aliquus
1953 3206 2135 3267 actus
2166 3200 2509 3281 prohibitio
2536 3198 2660 3271 (M.
2684 3192 2791 3275 2.)

605 3290 758 3356 Vita
803 3291 1128 3369 adimitur,
1178 3290 1229 3353 si
1279 3288 1622 3353 damnatur
1684 3288 1913 3368 aliquis
1970 3288 2208 3369 gladio,
2271 3289 2389 3354 hoc
2454 3295 2553 3354 est
2614 3290 2785 3369 capi-

411 3379 645 3444 taliter.
700 3378 991 3445 Servitus
1038 3378 1412 3458 injungitur,
1461 3376 1513 3441 si
1546 3378 1689 3456 quis
1735 3377 1800 3441 in
1848 3376 2175 3441 metallum
2212 3377 2308 3441 vel
2355 3395 2515 3458 opus
2546 3377 2790 3441 metalli

411 3466 752 3532 damnatur
797 3472 866 3532 et
917 3468 1167 3547 quando
1201 3466 1342 3545 quis
1392 3466 1472 3529 ad
1515 3466 1819 3529 triremes
1849 3464 2143 3529 mittitur.
2192 3463 2430 3530 Civitas
2478 3464 2787 3543 aufertur,

412 3554 665 3635 quando
733 3554 1018 3621 damnati
1078 3555 1142 3618 in
1201 3553 1472 3617 insulam
1534 3552 1981 3632 deportantur,
2045 3559 2113 3617 et
2172 3552 2261 3617 ibi
2314 3554 2461 3633 jure
2516 3553 2791 3618 civitatis

413 3644 666 3723 amiss0‚
713 3661 970 3709 suorum
1021 3641 1401 3707 delictorum
1432 3659 1705 3723 poenam
1747 3638 1960 3719 luunt3
2012 3638 2527 3721 deportationem
2576 3648 2791 3705 autem

414 3731 692 3797 omnium
740 3734 1052 3799 bonorum
1083 3730 1430 3812 publicatio
1463 3729 1773 3809 sequitur.
1820 3727 2255 3793 Jureconsulti
2292 3748 2435 3794 eam
2482 3727 2790 3793 minorem

415 3820 513 3884 vel
558 3821 834 3885 mediam
879 3820 1112 3901 capitis
1173 3818 1654 3883 diminutionem
1703 3823 1951 3882 vocant.
2001 3816 2279 3880 Exilium
2314 3836 2461 3883 vero
2509 3819 2795 3882 continet

413 3908 872 3987 relegationem
919 3912 986 3976 et
1030 3906 1530 3986 bannimentum,
1580 3904 1834 3985 quando
1881 3906 2024 3984 quis
2071 3903 2155 3969 ad
2204 3910 2455 3985 tempus
2502 3904 2601 3969 vel
2642 3923 2792 3987 per-

412 3999 610 4076 petuo
671 3996 828 4063 fines
885 3995 1138 4077 patriae
1200 3995 1376 4058 exire
1438 3993 1738 4072 jubetur3
1808 3998 1876 4057 et
1931 3992 2147 4057 differt
2216 4012 2255 4057 a
2325 3993 2791 4074 deportatione,

415 4084 584 4162 quod
631 4084 945 4165 relegatio
1007 4087 1074 4147 et
1119 4080 1378 4148 exilium
1425 4082 1957 4145 existimationem
2024 4086 2377 4161 consumat,
2426 4082 2795 4163 deportatio

417 4189 570 4236 vero
601 4190 742 4237 eam
776 4177 1025 4237 tantum
1072 4172 1333 4236 minuat.
1383 4169 1797 4249 DeportatuS,
1847 4168 2149 4235 bannitus
2200 4170 2299 4235 vel
2344 4170 2690 4251 relegatuS,
2738 4168 2792 4233 si

415 4257 816 4341 indulgentia
854 4258 1163 4341 principis
1206 4259 1544 4322 restitutus
1587 4256 1804 4337 fuerit,
1854 4261 1985 4320 tum
2032 4275 2151 4338 per
2198 4258 2412 4323 omnia
2455 4258 2795 4339 pristinum

418 4351 654 4413 statum
685 4348 935 4429 recipit.
983 4348 1072 4411 Et
1103 4347 1156 4412 si
1186 4348 1359 4410 intra
1389 4350 1640 4426 tempus
1670 4344 2145 4427 praescriptum
2176 4347 2546 4425 revertitur,
2580 4348 2799 4424 sicque

417 4436 650 4501 factam
717 4436 1214 4501 transactionem
1281 4434 1571 4515 fregerit,
1642 4435 1897 4515 priores
1967 4434 2171 4517 digiti,
2243 4436 2472 4514 quibus
2537 4434 2779 4514 juravit

417 4522 542 4605 ipsi
587 4524 908 4603 amputari
937 4524 1178 4589 debent
1205 4512 1327 4600 (επ
1361 4522 1562 4589 Οοηετ.
1605 4522 1830 4587 Caroli
1859 4522 1922 4586 V.
1962 4520 2042 4586 de
2073 4523 2266 4607 capit.
2310 4544 2482 4588 caus.
2521 4544 2569 4589 c.
2610 4522 2753 4587 108.
