3350 5050
527 511 612 579 44
1321 507 1388 562 V.
1429 508 1765 576 ophthalmii
1802 507 2117 562 Processus.

1447 647 1586 713 VII.
1638 648 1695 711 R
1717 647 1991 728 egula.

729 775 798 840 Si
849 776 988 855 quis
1035 776 1289 839 vivente
1337 775 1545 855 prima
1591 793 1809 854 uxore,
1861 775 1967 839 alii
2018 773 2491 838 matrimonium
2524 773 2913 853 promiserit,

529 868 597 1015 gt
643 881 786 928 eam
827 881 952 1013 nete
999 867 1148 1014 {inte
1182 880 1298 927 nec
1344 870 1491 943 post
1527 864 1930 943 cognoverit3
1964 867 2223 927 mortua
2268 861 2475 942 prima
2508 879 2726 942 uxore,
2773 880 2913 927 eam

576 969 766 1016 ucere
813 970 896 1032 po
929 969 999 1015 es
1033 1001 1046 1016 .

1437 1058 1612 1124 VIII.
1665 1059 1719 1122 R
1738 1080 1773 1124 e
1795 1078 1834 1140 g
1855 1059 2007 1124 ula.

737 1193 1141 1258 Contrahens
1188 1195 1544 1258 successive
1592 1212 1713 1274 per
1746 1193 1940 1257 verba
1986 1195 2067 1258 de
2098 1192 2426 1273 praesenti
2474 1212 2614 1258 cum
2650 1193 2920 1273 duabus,

536 1286 801 1348 tenetur
851 1281 1205 1347 adhaerere
1253 1281 1523 1361 primae,
1570 1282 1824 1346 etiamsi
1876 1281 2158 1346 secunda
2204 1281 2555 1346 carnaliter
2598 1281 2793 1347 suerit
2839 1283 2918 1347 ab

531 1389 608 1434 eo
657 1371 930 1451 cognita.

1471 1480 1583 1545 IX.
1639 1479 1979 1559 Regula.

733 1607 800 1673 Si
855 1607 1050 1671 fidem
1095 1609 1407 1688 pactionis
1473 1609 1664 1674 alicui
1726 1608 1980 1672 mulieri
2026 1607 2255 1686 fecisti,
2316 1627 2443 1673 non
2487 1609 2683 1674 debes
2730 1609 2917 1674 aliam

529 1695 804 1773 ducere3
873 1695 1036 1759 alias
1082 1697 1541 1776 poenitentiam
1613 1716 1768 1778 ages
1828 1698 1909 1762 ‹le
1953 1695 2081 1760 tide
2140 1697 2431 1776 mentita,
2504 1702 2568 1761 et
2630 1697 2918 1762 manebis

528 1802 670 1848 cum
719 1784 846 1863 illa,
899 1803 1089 1860 quam
1139 1785 1393 1850 duxisti.

1489 1919 1565 1982 X.
1617 1919 1965 1998 Regula.

738 2049 975 2114 Servus
1023 2052 1510 2118 contradicente
1567 2053 1819 2116 domino
1870 2057 1937 2117 et
1981 2052 2200 2131 invit0,
2249 2051 2721 2117 matrimonium
2775 2069 2919 2116 con-

542 2137 804 2203 trahere
878 2155 1004 2203 non
1066 2139 1477 2219 prohibetur;
1541 2145 1814 2221 propter
1874 2141 1991 2206 hoc
2054 2149 2267 2204 tamcn
2332 2159 2453 2204 non
2514 2140 2828 2204 liberatur
2885 2159 2923 2202 a

531 2225 810 2290 servitiis
860 2225 1112 2291 domino
1161 2228 1413 2293 debitis.

1475 2384 1585 2448 x1.
1642 2382 1971 2462 Regula.

737 2515 808 2580 In
858 2533 1054 2580 causa
1101 2514 1487 2580 matrimonii
1547 2515 1970 2595 conjungendi
2031 2515 2131 2579 vel
2180 2514 2537 2591 dirimendi,
2598 2521 2920 2595 parentes.

533 2604 769 2668 fratres
817 2610 884 2669 et
914 2604 1172 2683 cognati
1205 2604 1535 2683 utriusque
1566 2623 1753 2670 sexus
1809 2603 1888 2667 ad
1924 2604 2434 2669 testificationem
2474 2603 2916 2669 admittuntur.

527 2691 653 2769 Qui
711 2710 942 2772 nempe
999 2692 1227 2755 melius
1285 2692 1485 2772 recipi
1538 2693 1794 2770 debent,
1854 2711 2039 2771 quam
2098 2691 2207 2773 illi,
2259 2693 2364 2771 qui
2417 2691 2643 2757 melius
2690 2692 2919 2766 sciunt,

530 2786 598 2843 et
653 2797 917 2859 quorum
981 2785 1082 2844 est
1127 2780 1459 2857 interesse,
1517 2782 1612 2845 ita
1668 2785 1740 2843 ut
1784 2780 1838 2843 si
1897 2798 2021 2844 non
2082 2780 2510 2858 interfuerint,
2571 2778 2915 2845 secundum

522 2867 709 2948 leges
759 2866 1000 2932 nullum
1051 2868 1165 2933 fiat
1209 2869 1738 2932 matrimonium?

1455 3021 1603 3086 XII.
1652 3022 1985 3101 Regula.

729 3152 1008 3231 Mulieri,
1040 3170 1204 3232 quae
1235 3158 1429 3233 negat
1461 3172 1530 3217 se
1561 3154 1624 3217 in
1659 3154 2130 3219 matrimonium
2163 3154 2579 3232 consensisse,
2618 3172 2742 3219 non
2776 3172 2913 3219 cre·

530 3242 722 3320 ditur,
773 3242 1002 3305 marito
1051 3242 1366 3323 probante
1414 3242 1842 3320 contrarium3
1908 3261 2111 3320 secus,
2160 3244 2212 3305 si
2260 3243 2493 3321 probat
2527 3260 2596 3306 se
2645 3260 2908 3307 consen-

530 3330 690 3393 sisse
738 3348 857 3410 per
903 3336 1162 3409 metum,
1214 3330 1320 3410 qui
1364 3335 1584 3409 potest
1631 3329 1865 3394 cadere
1913 3330 1979 3394 in
2026 3336 2444 3394 constantem.

1437 3481 1617 3548 XIII.
1665 3481 2003 3560 Regula.

726 3615 1108 3680 Contractus
1143 3614 1533 3680 matrimonii
1578 3632 1720 3678 cum
1770 3615 2128 3694 peccatrice
2164 3616 2413 3679 volente
2459 3633 2528 3680 se
2562 3619 2907 3696 corrigere,
2946 3693 2950 3697 ⁷

529 3702 783 3783 proficit
829 3705 909 3768 ad
956 3703 1392 3768 remissionem
1425 3708 1855 3782 peccatorum.
1905 3702 2084 3767 Inter
2116 3721 2315 3784 opera
2360 3705 2528 3769 enim
2576 3706 2912 3771 charitatis

529 3810 652 3854 non
717 3792 1040 3856 minimum
1110 3797 1227 3872 est,
1289 3796 1612 3856 errantem
1674 3790 1757 3854 ab
1821 3792 2063 3855 erroris
2134 3793 2230 3855 sui
2292 3794 2521 3858 semita
2580 3812 2909 3858 revocare.

533 3878 615 3944 Et
659 3880 802 3944 ideo
845 3879 994 3958 jure
1048 3878 1367 3945 Canonico
1426 3882 1740 3942 statutum
1806 3882 1923 3956 est,
1988 3885 2059 3944 ut
2103 3880 2393 3944 omnibus
2456 3880 2563 3960 qui
2624 3882 2913 3960 publicas

527 3967 831 4033 mulieres
875 3967 955 4032 de
1016 3967 1311 4049 lupanari
1368 3966 1769 4031 extraxerint
1830 3970 1897 4031 et
1942 3966 2239 4032 duxerint
2293 3969 2359 4032 in
2424 3986 2676 4047 uxoreS,
2744 3969 2909 4048 quod

528 4062 744 4136 agunt,
793 4056 854 4120 in
905 4057 1340 4122 remissionem
1391 4060 1804 4135 peccatorum
1850 4054 2166 4133 proficiat.

1443 4207 1617 4272 XIV.
1665 4207 1723 4271 R
1744 4226 1779 4272 e
1803 4207 2007 4289 gula.

724 4340 792 4406 Si
861 4342 1092 4408 mulier
1162 4344 1240 4407 ob
1317 4358 1577 4407 causam
1672 4338 2009 4419 adulterii,
2073 4338 2315 4419 judicio
2403 4343 2715 4408 ecclesiae
2805 4348 2917 4407 aut

501 4430 800 4510 propria
836 4430 1161 4497 voluntate
1195 4448 1236 4495 a
1266 4431 1403 4496 viro
1436 4428 1805 4507 recesserit,
1839 4447 1958 4492 nec
1994 4429 2335 4495 conciliata
2368 4432 2481 4496 sit:
2534 4436 2669 4496 tum
2704 4431 2916 4495 dotem

527 4518 631 4583 vel
699 4518 1060 4584 dotalitium
1119 4524 1418 4599 repetere
1479 4533 1602 4581 non
1665 4521 1905 4597 potest.
1988 4515 2115 4580 Sed
2176 4518 2231 4581 si
2286 4537 2406 4600 pro
2466 4519 2683 4599 aliqua
2742 4519 2921 4585 licita
