3350 5050
494 457 614 525 126

483 657 664 724 seme
704 678 747 724 a
789 657 1026 726 devini
1067 657 1239 725 dani.
1283 655 1414 724 0οΞ
1455 657 1618 724 toho
1647 657 1911 742 puvod?
1953 653 2053 724 Ne
2086 655 2246 741 jiny,
2288 657 2409 722 nei
2438 660 2573 734 ten,
2616 657 2691 722 ie
2746 655 2974 742 teprve

487 777 566 824 ve
608 758 777 826 XIV.
821 758 1006 840 velru,
1051 779 1094 825 a
1137 757 1272 825 sice
1312 777 1390 823 zu.
1430 756 1650 838 Karia,
1710 756 2145 841 dustoJenstvi
2200 755 2545 823 kralovske
2586 755 2857 840 vyneslo
2900 776 2975 823 se

487 879 576 924 na
617 859 758 944 vysi
809 857 974 924 krali
1015 859 1038 924 i
1080 859 1246 925 zemi
1300 858 1715 942 piimerenou
1756 878 1799 924 a
1838 859 1913 923 ie
1974 857 2139 924 obec
2192 855 2457 924 zemsks
2506 875 2691 923 sama
2731 877 2772 922 v
2812 855 2981 924 sobe·

489 957 635 1028 slila
677 979 748 1025 se
789 980 832 1024 u
874 959 1238 1026 mohutnou
1272 957 1557 1043 Jednotu
1599 956 1924 1036 zemskou,
1983 956 2221 1024 kdeito
2266 958 2423 1042 prve
2467 953 2807 1024 kralovske
2852 953 2969 1020 du·

486 1059 829 1142 stojenstvi
855 1058 1042 1143 pissis
1079 1058 1250 1142 ¹ieste
1280 1057 1539 1143 povahu
1585 1057 1889 1125 davneho
1918 1057 2244 1124 kniiectvi
2284 1055 2370 1124 do
2410 1075 2481 1122 se
2524 1055 2695 1122 melo
2724 1077 2767 1123 a
2794 1055 2972 1121 zeme

475 1157 653 1241 jeste
697 1181 736 1224 v
777 1157 1172 1226 rozdrobeni
1213 1157 1476 1243 iupm'm
1518 1155 1762 1228 vinela,

691 1258 1232 1342 ObhaJovani'.
1283 1259 1521 1324 zem6.
1611 1255 1971 1340 Obyvatele
2017 1255 2237 1340 nebyli
2279 1256 2565 1342 povinni,
2619 1256 2797 1341 proti
2838 1255 2975 1320 vuli

484 1359 594 1424 sve
660 1357 874 1443 polem
947 1358 1229 1424 tahnout
1297 1378 1376 1424 za
1447 1357 1717 1424 hrauice
1808 1355 2065 1424 zemske
2128 1362 2175 1422 t.
2230 1357 2278 1442 j.
2344 1355 2539 1425 cesko
2560 1393 2577 1405 ·
2601 1354 2969 1434 moravsk63

483 1479 562 1524 za
617 1463 688 1523 to
731 1458 848 1524 tim
893 1458 1160 1545 prisneji
1221 1479 1306 1523 na
1364 1457 1444 1522 ne
1504 1456 1803 1540 vylshala
1856 1458 2207 1542 povinnost
2246 1456 2293 1521 k
2335 1455 2726 1541 obhaJovani
2767 1457 2965 1522 zemE.

481 1555 854 1624 Rozumeno
925 1564 1002 1624 tu
1072 1557 1365 1624 netoliko
1439 1557 1831 1641 obhajovfini
1900 1558 2078 1624 zeme
2150 1557 2329 1642 proti
2400 1557 2586 1622 cizim
2654 1555 2961 1640 nepiate-

482 1655 638 1732 lum‚
695 1655 800 1725 ale
839 1657 865 1723 i
905 1657 1348 1742 upokojovam‘
1410 1657 1676 1724 neklidu
1747 1657 2095 1724 domaciho
2154 1657 2301 1743 (sed
2358 1676 2507 1722 cum
2568 1655 2729 1742 ipsis
2772 1656 2970 1723 terris

483 1755 771 1823 Boemioe
815 1763 884 1824 et
925 1756 1234 1825 Moraviae
1276 1759 1376 1824 vel
1422 1779 1644 1826 eorum
1692 1758 1887 1824 alteri
1930 1757 2357 1824 defendendae
2402 1756 2503 1824 vel
2544 1754 2969 1841 pacificandae

483 1857 854 1924 immineret
907 1859 1289 1939 necessitas,
1350 1864 1549 1944 prout
1602 1859 1846 1925 bonum
1902 1863 1971 1924 et
2028 1863 2241 1924 status
2300 1861 2627 1924 terrarum
2680 1855 2973 1940 ipsarum

485 1957 796 2040 exegerit,
840 1957 1197 2043 procedere
1225 1957 1596 2024 necessario
1628 1956 2044 2024 tenebuntur.
2088 1956 2233 2022 List
2272 1977 2307 2020 z
2343 1975 2399 2023 r.
2432 1955 2612 2022 1310.
2656 1954 2763 2020 Ad
2783 1956 2974 2038 regni

481 2055 768 2125 Boemiae
812 2062 880 2124 et
921 2056 1410 2124 marchionatus
1439 2057 1754 2124 Moraviae
1802 2055 2248 2124 defensionem
2276 2055 2627 2141 principes,
2668 2055 2969 2135 barones,

483 2155 738 2223 nobiles
779 2158 966 2241 regni
1007 2158 1084 2224 B.
1118 2162 1198 2224 ,οι
1239 2177 1320 2222 m.
1365 2157 1450 2226 M.
1496 2163 1727 2226 contra
1760 2176 2017 2224 omnem
2058 2156 2387 2223 hominem
2430 2154 2621 2222 nobis
2663 2155 2971 2222 assistere

487 2255 774 2324 fideliter
813 2259 1274 2343 promiserunt.
1317 2258 1444 2328 Jan
1486 2258 1652 2325 Mor.
1699 2260 1914 2342 1311).
2580 2285 2589 2294 ·

681 2356 1042 2426 Povinnost
1098 2363 1240 2425 tato
1299 2357 1586 2425 zffleiela
1641 2379 1727 2424 na
1782 2357 1978 2423 vsech
2046 2355 2465 2441 obyvatelich
2520 2354 2641 2423 bez
2696 2353 2965 2422 rozdssu.

492 2455 770 2526 Povinni
814 2457 950 2541 byli
991 2458 1038 2524 k
1077 2459 1409 2535 hotovosti
1449 2459 1720 2527 valebas
1762 2459 1941 2545 pani,
1997 2456 2301 2541 vladyky,
2357 2455 2675 2535 me's'tane,
2734 2455 2971 2541 obm-

495 2557 628 2625 tele
656 2557 1009 2640 mestecek,
1052 2558 1368 2643 kapitoly,
1411 2558 1723 2643 klastery,
1766 2579 1893 2626 ano
1936 2557 2203 2625 veskere
2234 2556 2685 2641 obyvstelstvo
2714 2554 2971 2624 zemske

487 2658 608 2725 bez
651 2658 924 2739 rozdssu,
967 2659 1216 2725 vesmes
1258 2658 1528 2741 vsichni‚
1583 2658 1751 2727 kdoz
1794 2658 1991 2743 nebyl
2033 2658 2143 2724 ani
2184 2650 2371 2742 ph’lis
2414 2654 2592 2725 mlsd
2634 2655 2747 2723 ani
2788 2655 2975 2743 pissis

487 2758 645 2843 star,
689 2759 777 2842 by
818 2758 998 2826 mohl
1040 2757 1242 2825 nositi
1283 2757 1502 2824 zbrsfi.

681 2863 745 2924 Si
788 2862 1020 2937 quando
1065 2864 1366 2937 contingat
1405 2864 1606 2923 hostes
1650 2864 1819 2939 regni
1846 2864 2036 2923 nostri
2064 2866 2249 2921 metas
2276 2862 2557 2922 invadere
2588 2862 2683 2923 vel
2728 2862 2970 2932 intrare,

481 2970 617 3023 tunc
673 2962 1082 3025 indifferenter
1139 2979 1374 3038 omnes,
1430 2968 1546 3023 tam
1593 2964 1914 3037 principes,
1960 2973 2128 3037 quam
2172 2964 2426 3022 barones
2470 2966 2533 3022 et
2570 2962 2803 3022 nobiles
2848 2961 2969 3022 sive

479 3062 874 3137 vlsdykones‚
923 3080 992 3123 ac
1047 3065 1220 3125 etiam
1279 3064 1436 3125 cives
1491 3069 1550 3122 et
1607 3062 1905 3136 oppidani,
1962 3063 2083 3121 imo
2140 3061 2395 3136 populus
2453 3062 2763 3121 universus
2804 3061 2973 3135 regni

471 3162 646 3235 Juxta
685 3161 1118 3223 ordinationem
1177 3164 1400 3238 regiam
1473 3166 1536 3223 et
1591 3162 1925 3223 mandatum
1986 3162 2245 3224 debeant
2300 3168 2528 3223 armata
2582 3176 2757 3221 manu
2814 3161 2972 3221 circa

478 3264 666 3320 metas
741 3262 904 3335 ipsas
975 3267 1248 3336 potenter
1317 3264 1636 3334 assistere,
1704 3264 1957 3339 patriam
2009 3265 2307 3339 propriam
2365 3262 2613 3324 viriliter
2670 3258 2970 3321 defensuri

477 3357 705 3443 (MGar.
747 3359 958 3443 XLV).

680 3463 726 3522 Z
768 3480 816 3521 r.
867 3462 1026 3521 1345
1071 3461 1273 3524 znAm‘e
1317 3464 1488 3535 poziv
1530 3464 1572 3523 k
1611 3462 1912 3524 hotovosti
1952 3464 2107 3538 proti
2152 3463 2559 3537 nepratelumt
2598 3464 2969 3539 Mandamus,

478 3567 766 3637 quatenus
811 3578 914 3623 vos
960 3577 1162 3623 omnes
1220 3569 1284 3623 et
1343 3564 1556 3641 singuli
1600 3582 1728 3625 cum
1768 3565 1984 3627 vestris
2030 3564 2416 3627 servitoribus
2458 3570 2521 3626 et
2559 3565 2799 3626 rusticis
2839 3566 2967 3625 uni-

475 3663 666 3725 versis
723 3679 851 3723 cum
895 3669 1182 3737 apparatu
1238 3664 1523 3726 bellicoso
1581 3666 1779 3725 statim
1835 3666 2096 3740 prompti
2150 3680 2284 3726 esse
2328 3666 2600 3727 debeatis
2646 3669 2708 3725 et
2748 3666 2963 3743 parad,

479 3767 541 3823 et
578 3763 694 3823 hoc
720 3762 878 3823 idem
924 3763 1168 3837 singulis
1200 3765 1409 3826 diebus
1439 3766 1674 3841 publice
1705 3767 2057 3840 proclamari
2088 3764 2337 3846 faciatis,
2380 3773 2448 3827 ut
2476 3782 2680 3826 omnes
2708 3766 2966 3843 nobiles,

481 3862 854 3941 wladicones,
913 3864 1282 3945 claustrales,
1327 3868 1742 3927 canonicorum
1811 3866 2147 3939 servitores,
2192 3873 2255 3928 et
2296 3882 2510 3927 omnes·
2553 3866 2763 3928 rustici
2807 3882 2965 3939 proe-

480 3963 768 4023 dictorum
833 3964 1102 4024 similiter
1155 3968 1410 4041 prompti
1471 3968 1588 4027 sint
1641 3974 1702 4027 et
1757 3968 1972 4043 parati,
2040 3968 2147 4027 sub
2200 3984 2395 4027 rerum
2457 3973 2519 4027 et
2577 3982 2965 4042 personarum

475 4062 830 4141 perditione,
860 4064 960 4138 qui
994 4081 1120 4138 prae
1163 4072 1468 4127 senectute
1512 4066 1606 4127 vel
1641 4070 1950 4142 juventute
1994 4084 2173 4146 arma,
2206 4066 2597 4145 defendicula,
2628 4068 2960 4137 cambucas,

474 4162 715 4223 baculos
769 4163 864 4223 vel
917 4172 1122 4225 contos
1182 4164 1338 4225 ferre
1395 4168 1646 4241 valeant,
1705 4168 2010 4227 nobiscum
2064 4169 2425 4247 processuri,
2496 4168 2959 4243 quandocunque

475 4262 644 4321 vobis
689 4268 750 4323 et
788 4262 941 4336 ipsis
997 4265 1476 4341 intimaverimus,
1532 4268 1608 4327 ad
1654 4266 2085 4328 defendendum
2128 4284 2391 4343 regnum,
2445 4270 2563 4329 imo
2606 4266 2758 4329 dom.
2802 4267 2962 4341 regis

473 4378 544 4421 ac
586 4363 888 4435 proprium
931 4372 1192 4425 nostrum
1235 4368 1598 4427 commodum
1641 4374 1705 4428 et
1746 4369 2045 4444 honorem,
2100 4368 2429 4443 ubicunque
2482 4368 2661 4429 fuerit
2700 4382 2965 4437 necesse,

474 4463 577 4536 qui
607 4478 726 4535 ‚pro
769 4480 842 4525 eo
887 4464 1041 4524 dom.
1083 4482 1190 4525 rex
1229 4483 1342 4527 nos
1385 4468 1541 4528 domi
1585 4473 1644 4528 et
1684 4469 1749 4527 in
1792 4470 1965 4529 metis
2008 4484 2214 4528 versus
2249 4470 2553 4529 Bavariam
2594 4469 2854 4543 reliquit.
2885 4500 2960 4511 -

477 4560 648 4621 Unde
705 4564 1036 4625 nullatenus
1097 4565 1418 4628 subsedere
1462 4567 1762 4639 debeatis,
1824 4570 1961 4642 quin
2022 4584 2151 4628 cum
2210 4575 2336 4629 tots
2391 4570 2697 4642 provincia
2746 4572 2965 4644 vesus,
