3350 5050
522 454 651 524 276
1244 448 1516 504 Stranskii
1552 449 1884 520 Respublica
1920 449 2156 518 Bojema.

517 590 665 671 jure
728 601 844 654 suo
907 593 977 653 et
1028 587 1341 668 maj0rum
1388 587 1712 669 judicatiS,
1783 589 1849 652 in
1916 589 2055 654 loco
2128 589 2239 655 ubi
2303 589 2668 655 innovatum
2737 590 2907 671 quod

527 681 645 756 est,
708 675 879 758 quod
946 693 1217 757 aequum
1278 676 1551 757 videtur,
1612 677 2048 758 pronuntiant.
2113 676 2448 742 Sententia
2503 676 2908 743 nihilominus

524 765 910 847 judiciorum
958 765 1235 846 cujusvis
1282 765 1535 845 generis
1580 765 1956 830 inferiorum
2003 765 2136 830 lata
2181 765 2262 830 de
2311 782 2506 830 causa
2534 783 2662 830 non
2695 765 2907 831 crimi-

528 854 677 933 nali,
738 872 863 918 000
910 853 1146 918 transit
1188 854 1252 916 in
1299 871 1436 917 rem
1476 852 1853 933 judicatam,
1902 854 2024 918 0181
2066 854 2393 934 litigantes
2439 853 2501 918 ei
2545 853 2647 918 vel
2695 854 2908 918 verbis

530 940 853 1023 expressis
900 941 1001 1006 vel
1047 940 1317 1006 duorum
1352 945 1419 1006 et
1450 942 1880 1022 quadraginta
1911 943 2160 1007 dierum
2191 941 2442 1007 silentio
2477 942 2904 1023 acquiescant.

721 1029 837 1094 IX.
884 1029 1195 1107 Quoniam
1242 1047 1395 1093 vero
1442 1029 1850 1109 experientia
1897 1029 2130 1108 docuit,
2175 1029 2424 1110 judices
2468 1029 2695 1096 horum
2735 1031 2905 1095 loco-

529 1137 670 1184 rum
716 1118 784 1183 in
830 1112 1191 1183 definiendo
1238 1135 1688 1197 nonnunquam
1732 1135 1852 1197 per
1899 1118 2396 1198 imprudentiam
2441 1118 2680 1184 labiae
2709 1137 2901 1199 prop·
2957 1183 2964 1190 ,

529 1211 713 1273 terea
768 1211 1019 1288 partem
1077 1206 1708 1284 controvertentium,
1780 1205 1881 1270 vel
1948 1213 2287 1287 utramque
2357 1205 2459 1271 vel
2527 1206 2904 1271 alterutram

528 1313 751 1362 eorum
784 1293 1104 1360 sententia
1133 1293 1425 1374 gravari:
1471 1294 1617 1358 ideo
1659 1293 1794 1372 jam
1843 1293 1990 1358 olim
2037 1294 2400 1360 introducta
2445 1294 2905 1361 consuetudine

530 1387 633 1448 est
677 1401 716 1447 a
756 1381 997 1463 judicio
1041 1400 1168 1446 uno
1216 1383 1297 1446 ad
1346 1381 1517 1448 aliud
1564 1383 1951 1462 provocatio,
1999 1381 2147 1446 Fuit
2176 1385 2395 1463 itaque
2428 1384 2598 1464 apud
2631 1383 2905 1462 majores

527 1487 685 1553 1008,
734 1476 808 1535 01
851 1488 935 1536 ex
978 1469 1342 1536 civitatibus
1388 1470 1569 1550 regni
1616 1469 1940 1551 plerisque
1989 1470 2301 1550 omnibuS,
2349 1471 2901 1536 adomesticorum

521 1557 805 1639 judicum
852 1559 1175 1623 sententia
1222 1557 1304 1622 ad
1352 1557 1635 1623 tribunal
1683 1558 1956 1623 Senatus
2001 1557 2252 1638 Pragae
2299 1559 2562 1640 Maioris
2617 1557 2904 1640 appella-

524 1653 730 1728 retur,
793 1664 1040 1728 paucae
1085 1647 1523 1712 tantummodo
1570 1645 1883 1726 civitates,
1947 1651 2016 1711 ut
2060 1647 2609 1727 Litomierciczae,
2657 1647 2903 1726 Launa,

526 1734 744 1815 Slana‚
815 1732 1275 1816 Nymburgum,
1346 1733 1529 1800 Ostia
1578 1733 1953 1814 cis-Albina,
2022 1753 2163 1799 cum
2213 1735 2462 1816 oppidis
2509 1735 2750 1813 vieiniS‚
2821 1736 2903 1801 ad

528 1823 814 1888 tribunal
847 1819 1261 1888 Scabinorum
1297 1821 1946 1902 Magdeburgensium
1985 1822 2418 1902 appellabant.
2465 1823 2623 1887 Post
2655 1823 2901 1888 cladem

525 1910 802 1991 demum,
850 1927 1055 1990 quam*
1086 1911 1239 1977 belli
1274 1909 1682 1975 Smalcaldici
1731 1912 2066 1975 occasione
2097 1911 2384 1990 Bojemia
2430 1911 2698 1992 accepit,
2744 1911 2901 1976 Fer-

526 1998 842 2065 dinandus
910 2017 1049 2077 1011,
1116 2003 1189 2064 01
1248 1997 1665 2078 Pragensium
1725 2000 1861 2063 sive
1923 1997 2300 2064 authoritati
2359 1999 2708 2079 obrogaret
2766 2000 2900 2064 sive

530 2077 1093 2168 (quemadmodum
1120 2081 1366 2166 ajebat)
1392 2085 1629 2150 fastum
1656 2085 1918 2151 nimium
1950 2087 2348 2168 retunderet,
2387 2086 2899 2169 Appellationum

528 2175 813 2242 tribunal
856 2164 1039 2254 (ann.
1093 2169 1305 2256 1548)
1358 2175 1423 2239 in
1470 2174 1679 2254 Regia
1723 2191 1874 2239 arce
1919 2192 2034 2239 sua
2082 2174 2396 2255 Pragensi
2439 2177 2684 2256 primus
2731 2174 2900 2241 exci—

526 2264 710 2338 tavit,
772 2263 856 2328 ad
914 2263 1083 2344 quod
1137 2282 1265 2329 non
1321 2263 1527 2342 modo,
1586 2267 1661 2327 ut
1707 2261 1982 2328 antehac
2024 2263 2106 2328 ad
2157 2262 2463 2329 Senatum
2512 2262 2900 2344 l‘ragensem

527 2369 608 2417 ex
640 2352 1003 2418 civitatibus
1033 2351 1157 2416 illis
1188 2350 1534 2433 plerisque,
1582 2351 1698 2414 sed
1743 2369 1823 2414 ex
1869 2351 2111 2416 cunetis
2155 2353 2352 2417 etiam
2399 2351 2591 2417 unitis
2627 2369 2898 2417 coronae

523 2439 888 2520 Bojemicae
965 2440 1309 2523 provinciis
1384 2439 1872 2520 provocationes
1947 2437 2199 2505 fierent.
2275 2439 2626 2505 Collocavit
2690 2443 2755 2504 in
2823 2457 2899 2505 eo

518 2528 769 2609 judices
814 2534 951 2593 tres
997 2548 1077 2594 ex
1121 2529 1465 2608 Baronum,
1530 2534 1664 2594 tres
1719 2546 1798 2593 ex
1843 2528 2256 2609 Equestrium
2317 2530 2566 2610 ordine,
2630 2535 2903 2609 quatuor

530 2635 611 2682 ex
664 2616 829 2698 jnris
887 2610 1272 2697 110010111108,
1333 2622 1401 2681 01
1461 2621 1740 2698 quatuor
1797 2632 1877 2682 ex
1936 2616 2191 2681 Veteris
2243 2616 2592 2698 Novaeque
2647 2618 2900 2698 Pragae
2969 2674 2976 2681 .

528 2705 792 2772 civibus.
854 2706 976 2772 Est
1032 2705 1345 2771 hactenus
1402 2704 1468 2769 in
1524 2723 1645 2770 usu
1692 2705 2146 2771 Ferdinandea
2203 2704 2452 2771 isthaec
2505 2705 2772 2785 sanctie,
2835 2712 2902 2770 et

526 2792 757 2859 sedent
800 2810 919 2875 pro
965 2794 1269 2860 tribunali
1316 2793 1380 2857 id
1427 2812 1627 2875 genus
1668 2793 2231 2873 provocationibus
2263 2794 2717 2875 cognoscendis
2749 2811 2898 2859 con-

527 2881 737 2949 stituti
788 2882 1063 2962 judiceS,
1125 2884 1232 2963 qui
1290 2882 1698 2964 impugnatas
1755 2899 1794 2945 a
1851 2884 2342 2963 provocantibus
2405 2882 2755 2947 sententias
2817 2882 2898 2945 ad

520 2967 684 3049 juris
757 2988 1045 3036 normam
1118 2971 1489 3036 examinant
1556 2988 1633 3036 ac
1701 2969 1800 3034 vel
1871 2968 2249 3034 confirmant
2308 2970 2547 3050 judicio
2615 2987 2729 3035 suo
2800 2969 2899 3035 vel

524 3055 895 3125 reformant.
968 3058 1330 3124 Provocare
1376 3059 1745 3140 prohibenti
1791 3058 1890 3123 vel
1933 3058 2339 3139 provocando
2377 3058 2702 3139 judicibus
2749 3076 2898 3123 con-

528 3145 752 3211 vitium
808 3146 1089 3226 facienti,
1151 3148 1616 3228 quinquaginta
1672 3164 2014 3212 aureorum
2076 3147 2315 3212 mulcta
2373 3152 2475 3212 est
2532 3146 2896 3212 constituta.

528 3234 721 3299 Valet
780 3240 994 3315 autem
1056 3235 1490 3300 Ferdinandei
1554 3235 1742 3317 hujus
1800 3234 2139 3299 tribunalis
2191 3234 2502 3315 judicium
2563 3240 2632 3301 et
2685 3241 2894 3301 ratum

528 3327 629 3388 est
682 3324 942 3405 ubique,
1002 3327 1461 3405 praeterquam
1508 3323 1572 3388 in
1620 3325 1698 3389 iis
1742 3323 1970 3403 11011818,
2034 3323 2262 3403 quibus
2311 3323 2391 3389 de
2437 3325 2668 3406 capite,
2729 3322 2899 3388 fama

526 3410 629 3476 vel
672 3411 1034 3477 hereditate
1078 3412 1311 3493 agitur,
1374 3412 1435 3477 in
1502 3412 1732 3492 quibus
1789 3414 1870 3477 ab
1930 3411 2052 3477 hoc
2103 3428 2354 3492 quoque
2401 3412 2703 3477 tribunali
2749 3430 2897 3492 per-

524 3500 720 3565 missa
786 3500 1017 3582 cuique
1078 3506 1180 3566 est
1243 3498 1724 3582 supplicationis
1771 3500 2252 3580 provocatoriae
2303 3500 2461 3581 Regi
2508 3500 2894 3577 offerendae,

524 3587 733 3668 deque
756 3586 983 3668 judicii
1012 3588 1115 3653 vel
1142 3588 1481 3669 iniquitate
1514 3587 1611 3654 vel
1640 3587 1936 3653 nullitate
1965 3588 2251 3653 modeste
2285 3589 2596 3668 querendi
2621 3589 2896 3653 licentia.

525 3674 643 3741 Cui
688 3676 1135 3758 supplicationi
1181 3694 1323 3741 cum
1370 3676 1654 3742 delatum
1701 3677 1782 3741 ab
1833 3676 2010 3755 Rege
2057 3680 2176 3755 est,
2239 3676 2591 3741 remittitur
2635 3693 2716 3741 ea
2761 3696 2902 3741 cum

530 3781 785 3829 causae·
811 3766 973 3831 actis
1019 3765 1309 3831 omnibus
1356 3765 1439 3829 ad
1484 3763 1765 3830 tribunal
1799 3764 1984 3845 Regii
2025 3764 2250 3843 judicii
2281 3764 2637 3845 Camerale,
2684 3764 2930 3845 ibique·

522 3850 783 3917 tandem
840 3858 989 3934 post
1044 3871 1313 3919 examen
1368 3856 1738 3919 accuratum
1783 3852 2104 3917 decisione
2149 3853 2374 3917 ultima
2417 3852 2654 3933 finitur,
2717 3870 2900 3918 exse-

528 3940 814 4020 quutioni
860 3958 901 4006 a
944 3941 1151 4023 primo
1196 3941 1325 4007 litis
1372 3942 1700 4021 cognitore
1749 3959 1939 4022 quam
1987 3941 2260 4021 primum
2305 3942 2690 4007 mandanda.
2753 3940 2903 4007 Sola

520 4028 873 4109 ripensium
910 4029 1197 4111 judicum
1242 4030 1584 4109 sententia,
1656 4048 1798 4095 cuni
1863 4029 2082 4109 iniqua
2147 4030 2320 4110 parti
2389 4031 2732 4095 damnatae
2801 4036 2902 4094 est

522 4117 678 4197 visa,
726 4117 809 4182 ad
854 4116 1123 4184 Minoris
1159 4117 1381 4197 judicii
1426 4118 1762 4183 terrestris
1807 4116 2115 4183 subsellia
2157 4115 2466 4197 rejicitur.

716 4204 1095 4273 Evidentius
1144 4207 1343 4287 igitur
1392 4212 1513 4287 est,
1584 4224 1775 4286 quam
1843 4211 1915 4270 01
1980 4206 2185 4285 possit
2251 4204 2496 4287 negari,
2569 4203 2898 4284 Bojemiae

514 4311 807 4376 regnum,
852 4294 1019 4361 sicut
1060 4294 1317 4377 optimis
1364 4295 1608 4375 legibus
1655 4300 1758 4359 est
1801 4294 2181 4374 institutum,
2213 4294 2321 4365 ,110
2351 4311 2496 4360 0880
2511 4292 2897 4375 judiciorum

520 4400 661 4449 cum
708 4384 1057 4465 aequitate,
1105 4389 1241 4449 tum
1289 4383 1514 4449 ordine
1560 4389 1861 4448 accurato
1907 4382 2198 4462 inprimis
2245 4380 2770 4448 commendabile.

1384 4492 2038 4552 -···-···*···i·l···*-·--·
