3350 5050
1152 466 1483 534 Respublica
1518 467 1764 534 Bojema.
1806 469 1938 536 Cap.
1973 469 2069 524 XI.
2660 468 2783 540 241

402 606 735 672 commode
778 597 999 683 scribi)
1067 604 1151 670 ad
1215 604 1398 670 latini
1454 605 1769 674 sermonis
1813 603 2120 672 formulas
2168 609 2492 685 utcunque
2537 605 2790 685 inflexa,

400 694 907 773 recensebimus,
935 693 1145 773 quoad
1170 691 1315 758 fieri
1340 693 1601 774 poterit,
1626 694 1902 775 primum
1937 694 2308 774 Magnarum
2333 712 2448 760 seu
2472 693 2794 760 Baronmn

402 799 681 863 genera,
750 787 979 864 postea
1054 781 1471 861 Equestrium
1544 799 1798 861 quoque
1867 784 2207 864 progenies
2280 782 2797 864 pervulgatiores

400 871 952 952 investigabimus.
1004 859 1283 949 (Sequi
1304 877 1437 935 tur
1482 887 1573 935 en
1594 873 2008 937 unieratio
2054 865 2619 950 familiarum.)

598 1001 746 1067 VII.
777 1001 1192 1082 Equestrium
1223 1019 1375 1066 vero
1406 999 1792 1066 familiarum
1826 1019 2139 1083 perquam
2173 1001 2428 1081 multae,
2483 1010 2548 1068 et
2581 1003 2798 1084 plures

402 1107 593 1169 quam
642 1089 785 1170 quis
830 1089 1106 1156 fortasse
1150 1090 1397 1167 credat,
1446 1094 1594 1153 sunt
1638 1090 1897 1170 stirpeS,
1947 1107 2108 1170 quas
2139 1091 2289 1171 quia
2333 1108 2559 1156 omnes
2592 1109 2800 1170 neque

398 1180 629 1244 exacte
658 1179 851 1258 scire,
882 1195 1091 1258 neque
1122 1195 1281 1257 quas
1315 1177 1572 1256 scimuS,
1605 1177 1854 1257 absque
1879 1178 2140 1243 lectoris
2164 1179 2380 1246 taedio
2404 1195 2796 1259 percensere

401 1282 757 1346 possumus,
830 1265 1077 1345 aliquas
1146 1265 1398 1346 saltem,
1469 1282 1627 1346 quas
1688 1283 1874 1333 casus
1947 1267 2161 1348 potius
2208 1285 2398 1347 quam
2473 1268 2800 1332 accuratio

402 1358 763 1524 suggerea)
789 1353 1447 1420 commemorabimus,
1520 1343 1952 1434 (Sequitur
1997 1355 2529 1422 enumeratio
2575 1356 2653 1421 fa
2669 1357 2796 1422 mi-

437 1461 458 1507 1
477 1462 516 1508 a
536 1461 626 1508 ru
651 1460 731 1507 m.

602 1573 777 1638 VIII.
848 1571 985 1638 Nec
1056 1572 1265 1638 minus
1334 1573 1627 1640 civitates
1696 1575 1870 1640 inter
1937 1593 2008 1640 se
2079 1591 2331 1655 quoque
2391 1592 2508 1640 sua
2551 1574 2793 1640 habent

398 1661 691 1726 instituta
768 1659 1033 1728 Ordinis
1108 1659 1483 1742 peculiaria,
1574 1662 2068 1728 consuetudines
2143 1680 2566 1744 unaquaeque
2641 1679 2791 1727 suas

398 1749 759 1828 singulares
832 1766 911 1814 ac
968 1748 1323 1830 privilegia,
1393 1768 1542 1815 suas
1611 1749 1778 1815 aliae
1845 1769 2000 1832 prae
2070 1749 2213 1815 aliis
2279 1753 2788 1832 praerogativas.

398 1838 635 1917 l'raga,
683 1843 879 1918 caput
908 1839 1111 1918 regni,
1142 1835 1346 1904 Vetus
1378 1857 1610 1919 nempe
1642 1844 1709 1904 et
1732 1836 1932 1916 Nova,
1982 1839 2186 1904 anteit
2219 1837 2481 1904 urbibus
2513 1838 2790 1904 caeteris

394 1923 637 2005 absque
695 1926 1152 2005 controversia,
1213 1924 1363 1990 olim
1424 1927 1615 1991 etiam
1679 1926 2022 2007 Equitibus
2078 1927 2386 1992 anteibat.
2452 1927 2661 1992 Outna
2725 1927 2786 1992 ei

396 2012 713 2090 dignitate
744 2019 848 2078 est
876 2012 1187 2094 proxima,
1219 2011 1369 2078 hinc
1399 2013 1790 2079 Hradecium
1821 2013 2138 2094 Reginae,
2187 2013 2404 2092 Plzna,
2435 2015 2786 2092 Zatecium‚

398 2099 938 2180 Budiegovicium,
986 2105 1132 2182 post
1163 2119 1403 2181 easque
1434 2105 1568 2166 tres
1598 2110 1667 2166 et
1713 2102 1975 2182 triginta
2007 2101 2316 2182 reliquae,
2363 2103 2430 2166 in
2461 2102 2788 2185 provincia

397 2207 691 2270 quaeque
750 2207 871 2254 sua
916 2207 956 2252 a
1001 2189 1185 2254 nobis
1221 2189 1358 2269 jam
1412 2195 1561 2254 ante
1618 2185 1667 2267 ¹)
1715 2194 2128 2255 memoratae.
2191 2189 2508 2256 Videntur
2572 2195 2786 2254 autem

394 2282 463 2342 et
508 2275 653 2354 hae,
712 2277 862 2356 quia
921 2275 1087 2342 aliae
1147 2276 1290 2342 aliis
1356 2278 1452 2343 vel
1519 2278 1901 2343 vetustiores
1961 2283 2108 2344 sunt
2173 2277 2273 2342 vel
2320 2275 2789 2359 splendidiores

398 2366 494 2428 vel
566 2364 1028 2445 populosiores,
1099 2365 1181 2430 de
1248 2365 1372 2430 loci
1444 2365 1896 2447 praerogativa
1957 2368 2126 2432 inter
2197 2383 2268 2431 se
2334 2382 2788 2445 nonnunquam

394 2453 809 2518 contendere.

592 2565 870 2630 Praeter
905 2569 1041 2630 tres
1072 2565 1352 2631 Ordines
1382 2564 1578 2631 hosce
1612 2564 1873 2645 liberos,
1922 2565 2120 2631 habet
2148 2564 2440 2646 Bojemia
2476 2566 2786 2647 quosdam

392 2650 621 2717 Ordini
668 2652 823 2717 nulli
870 2650 1232 2733 adscriptos
1280 2651 1533 2718 colonos
1574 2652 1986 2732 praediorum
2019 2654 2259 2719 liberos
2290 2653 2425 2718 sive
2457 2654 2786 2722 scultetos,

396 2738 538 2820 plus
586 2740 791 2807 minus
836 2744 1159 2805 trecentos
1199 2746 1267 2805 et
1306 2740 1758 2821 quadraginta,
1808 2742 1914 2821 qui
1949 2740 2371 2823 Swobodniei,
2405 2740 2780 2819 Dddinnici,

402 2826 859 2911 Ndprmvnoei,
929 2826 1116 2910 vulgo
1164 2834 1475 2895 vocantur
1522 2822 1598 2903 ²).
1669 2826 1956 2895 Praedia
2021 2829 2276 2895 illorum
2345 2828 2786 2895 haereditaria

397 2933 647 2996 quoque
715 2923 863 2980 sunt
918 2923 984 2981 et
1040 2917 1409 2997 permultis,
1481 2918 1657 2981 inter
1719 2936 1787 2981 se
1850 2922 2067 2983 tamen
2132 2918 2530 2984 variantibus
2595 2922 2788 2998 atque

396 3002 570 3067 aliud
617 3021 775 3084 prae
822 3004 948 3069 alio
997 3003 1413 3086 amplioribus
1457 3004 1964 3071 immunitatibus
2014 3011 2264 3071 ornata.

594 3112 863 3179 Tributa
892 3114 1089 3195 nulla,
1136 3115 1262 3180 nisi
1308 3132 1476 3195 quae
1522 3132 1639 3196 pro
1689 3117 2102 3196 praediorum
2136 3118 2552 3183 adaeratione
2582 3118 2787 3183 veteri

396 3200 709 3281 majorum
758 3220 931 3266 more
976 3202 1137 3283 ipsis
1184 3203 1581 3267 comitiorum
1630 3203 1895 3269 decreto
1943 3204 2152 3269 solent
2178 3205 2436 3287 imponi,
2487 3210 2786 3271 tenentur

394 3289 698 3369 pendere.
749 3288 925 3353 Onus
958 3291 1211 3356 unicum
1244 3295 1365 3369 est,
1412 3289 1581 3370 quod
1614 3310 1756 3356 cum
1791 3291 2244 3361 coenobiorum
2277 3292 2510 3373 glebae
2541 3292 2785 3359 adscri-

394 3376 595 3455 ptitiis
622 3378 839 3442 subire
871 3375 1111 3443 habent
1141 3395 1427 3457 necesse,
1478 3380 1648 3458 quod
1683 3398 1912 3460 nempe
1955 3379 2123 3446 bello
2151 3382 2219 3447 in
2249 3398 2451 3462 regno
2483 3380 2779 3457 excitato,

394 3462 825 3530 subvehendis
871 3466 1089 3530 aeneis
1136 3465 1493 3545 tormentiS,
1542 3466 1767 3547 globis,
1819 3468 2067 3549 pulveri
2109 3469 2349 3534 nitrato
2411 3473 2478 3533 et
2524 3472 2782 3533 caetero

393 3552 459 3616 id
525 3571 727 3633 genus
797 3554 1245 3633 instrumento,
1315 3571 1515 3635 equos
1588 3571 1950 3635 operasque
2015 3563 2354 3637 praestant
2399 3548 2473 3634 ⁸).
2547 3556 2776 3620 Forum

395 3639 678 3721 ipsorum
746 3646 846 3706 est
913 3641 1098 3724 regni
1158 3642 1587 3706 Dicasterium
1658 3660 2028 3724 supremum
2101 3650 2168 3710 et
2237 3637 2514 3722 ἀμόντωρ
2587 3648 2779 3723 atque

392 3727 625 3793 vindex
670 3730 735 3793 in
782 3728 1107 3810 plerisque
1140 3730 1533 3796 Procurator
1578 3731 1820 3810 regius.
1871 3732 2078 3797 Erant
2121 3733 2166 3797 ii
2209 3732 2527 3811 quondam
2561 3731 2780 3797 multo.

394 3833 585 3895 quam
617 3835 803 3896 nunc,
849 3816 1089 3897 plures,
1138 3818 1251 3883 sed
1282 3836 1323 3883 a
1350 3819 1825 3900 potentioribus
1870 3838 1949 3883 ex
1979 3820 2312 3886 nobilitate
2334 3819 2466 3900 jam
2503 3820 2775 3901 pridem,

390 3906 640 3970 actibus
687 3905 901 3984 inique
948 3906 1313 3987 compositis
1360 3906 1616 3985 sensim,
1672 3914 1828 3974 suut
1873 3909 2182 3989 oppressi.

590 4016 830 4081 Verum
893 4016 975 4082 de
1036 4015 1403 4083 introducta
1450 4035 1491 4082 a
1538 4016 1888 4096 majoribus
1934 4018 2149 4099 populi
2195 4019 2400 4084 nostri
2442 4020 2508 4085 in
2558 4016 2776 4083 Status

392 4104 819 4174 distinctione.
867 4106 1081 4185 deque
1112 4104 1513 4186 politicorum
1551 4103 1812 4170 Ordinis
1846 4105 2119 4185 cuiusvis
2146 4106 2454 4172 institutis
2484 4106 2774 4184 diversiS,

390 4192 555 4258 haec
599 4198 765 4271 sunt,
813 4210 981 4274 quae
1026 4194 1233 4259 lector
1276 4193 1394 4260 tibi
1438 4191 1820 4274 explicanda
1864 4193 2220 4261 habuimus.

593 4388 637 4453 ¹)
690 4390 823 4457 Cap.
861 4388 931 4445 11.
1006 4388 1058 4457 ²)
1103 4388 1203 4443 Jus
1242 4388 1487 4445 Provinc.
1527 4388 1592 4443 E.
1636 4392 1717 4445 12.
1767 4386 2058 4442 Ordinatio
2097 4387 2228 4457 Reg.
2272 4384 2468 4443 Rudol.
2505 4386 2577 4444 11.
2617 4390 2772 4447 1585.

388 4457 441 4525 ⁸)
480 4459 673 4515 Gemit.
712 4474 837 4516 ann.
881 4464 1031 4525 1596,
1081 4462 1235 4521 1598.
2379 4504 2384 4507 ·

2293 4581 2378 4648 16
