3350 5050
2955 341 3046 414 ‘71

554 551 615 605 et
656 543 929 605 comitem
974 543 1049 606 de
1094 545 1343 616 Nassau,
1386 545 1620 606 nomine
1664 544 2020 625 Adelphum‚
2066 561 2178 622 pro
2220 561 2364 621 rege
2394 547 2790 610 Romanorum
2839 549 3044 625 elege-

552 647 707 708 runt.
752 640 1014 725 Franc.).

748 745 801 806 Ο
858 741 1033 805 νοὶδὸ
1076 743 1403 805 Albrechta
1454 763 1505 804 r.
1552 745 1716 806 1298
1773 746 1832 806 vi
1875 761 1942 806 se
1983 745 2154 820 tolik,
2209 745 2278 806 he
2320 747 2612 808 Albrecht
2673 748 2894 810 vsecko
2935 767 3048 826 vy·-

542 843 821 906 nakladal
850 860 888 904 a
917 845 1170 906 sliboval
1210 846 1367 907 krali
1400 845 1748 907 Vacslavovi
1781 845 1873 917 11„
1917 847 2030 921 uby
2068 847 2232 920 Jemu
2273 863 2560 923 pomocen
2605 849 2706 925 byl
2754 849 2832 910 ke
2875 850 3048 911 stoici

544 945 713 1007 krale
760 945 1081 1006 i‘imskeho.

745 1046 794 1107 Ο
842 1043 1016 1107 volbe
1060 1043 1372 1108 Jindflcha
1412 1042 1932 1106 Lucemburskeho
1994 1062 2042 1103 r.
2090 1047 2253 1109 1308
2299 1049 2436 1107 neni
2477 1047 2660 1123 ιρι-ἀν
2702 1065 2772 1110 ve
2811 1067 3048 1125 prame-

542 1148 691 1210 nech
736 1147 1011 1222 ceskych.

736 1250 807 1310 B.
860 1250 1019 1310 1816
1064 1247 1301 1308 konana
1327 1247 1523 1320 volba,
1572 1245 1724 1306 kdei
1771 1263 1836 1306 se
1881 1245 2149 1322 objevily
2194 1247 2304 1308 (ive
2348 1255 2554 1324 strany
2597 1253 2750 1312 mezi
2777 1253 3042 1329 velenci3

533 1349 703 1422 jedni
748 1349 911 1410 volili
951 1347 1222 1409 Ludvika
1266 1343 1663 1419 Bavorskeho,
1722 1347 1890 1406 druzi
1931 1346 2242 1408 Jindi‘icha
2285 1347 2707 1412 Rakouskeho.
2777 1351 3049 1415 Ludvika

539 1448 733 1508 volili:
778 1449 897 1509 duo
939 1449 1395 1529 archiepiscopi,
1444 1446 1828 1522 Magantinus
1875 1447 1991 1510 vid.
2047 1453 2110 1507 et
2161 1447 2552 1520 Trevirensis,
2595 1450 2896 1513 Johanues
2939 1471 3048 1516 rex

540 1549 610 1611 B.
640 1555 704 1609 et
731 1548 1149 1621 woldimarus,
1194 1549 1454 1610 marchio
1484 1547 2076 1622 Brandeburgensis;
2120 1547 2436 1611 Fridricha
2480 1551 2600 1624 pak
2627 1552 2826 1612 volili:
2873 1555 3049 1619 Arch.

540 1648 933 1723 Coloniensis,
976 1650 1345 1724 Rudolphus,
1392 1648 1508 1708 dux
1554 1647 1820 1708 Bavariae
1865 1654 1926 1708 et
1970 1662 2169 1708 comes
2213 1650 2530 1726 palatinus,
2577 1649 2766 1712 trater
2807 1669 3046 1728 germa-

536 1765 646 1809 nus
688 1749 833 1810 dicti
874 1749 1154 1820 Ludwici,
1201 1755 1261 1808 et
1304 1747 1423 1809 dux
1467 1748 1765 1810 saxoniae.
1814 1745 2028 1827 (Ben.)

741 1849 807 1908 R.
862 1850 1019 1908 1346
1068 1849 1237 1908 volen
1278 1849 1481 1920 Karel,
1521 1866 1558 1909 a
1600 1849 1726 1908 sice
1763 1847 1922 1922 jeste
1972 1863 2040 1907 co
2083 1847 2442 1909 marlthrabe
2478 1852 2824 1928 moravsky:
2867 1853 3045 1916 Elec·

536 1955 722 2026 tores,
782 1950 895 2013 vid.
972 1950 1373 2027 Magantinus,
1440 1949 1810 2010 coloniensis
1871 1955 1934 2009 et
1993 1947 2367 2010 'trevirensis
2425 1951 2877 2030 archiepiscopi,
2935 1972 3046 2016 nec
3100 1939 3132 2015 ,²

536 2065 651 2111 non
701 2050 964 2112 Joaunes
1008 2067 1115 2111 rex
1157 2051 1245 2120 B.,
1292 2053 1353 2109 et
1381 2047 1728 2124 liudolphus
1775 2047 1892 2108 dux
1937 2046 2228 2124 Saxoniae‚
2293 2049 2640 2112 absentibus
2685 2070 2796 2128 per
2839 2060 3044 2116 contu-

542 2153 789 2212 maciam
833 2153 971 2212 aliis
1016 2151 1245 2212 duobus
1292 2149 1674 2224 electoribus,
1717 2149 1834 2211 vid.
1883 2149 2220 2212 marchione
2265 2150 2784 2228 Brandeburgensi
2827 2161 2890 2214 et
2931 2171 3039 2216 co—

534 2251 677 2310 mite
720 2251 983 2325 palatino
1029 2251 1238 2320 Rheni,
1286 2249 1630 2311 direxerunt
1673 2255 1812 2310 vota
1855 2267 1962 2311 sua
2005 2253 2064 2309 in
2111 2251 2170 2312 d.
2213 2251 2516 2323 Kar-olum,
2584 2255 3038 2328 primogenitum

532 2349 693 2424 regis
734 2350 822 2416 B..
868 2349 1269 2410 marchionem
1298 2349 1599 2411 Moraviee.
1635 2345 1844 2429 (Ben.)
1902 2342 1913 2351 '

733 2449 806 2514 R.
856 2451 1013 2511 1376
1078 2449 1466 2510 wenceslaus
1528 2455 1623 2508 est
1678 2449 2013 2510 nominatus
2069 2463 2177 2511 rex
2219 2465 2330 2528 per
2389 2452 2700 2523 electores,
2755 2453 2872 2516 vid.
2917 2454 3040 2514 Ka·-

531 2550 725 2613 rolum
764 2551 1187 2628 imperatorem
1231 2558 1527 2626 tamquam
1572 2550 1641 2611 B.
1687 2566 1909 2627 regem,
1953 2550 2294 2613 Ludwicum
2337 2552 2412 2613 de
2455 2551 2672 2628 Misus,
2731 2555 3042 2617 Provisum

532 2651 1065 2729 maguntinensem,
1112 2652 1411 2714 Ouuouem
1454 2652 1905 2723 Treverensem,
1950 2658 2012 2713 et
2053 2652 2424 2713 Fridericum
2470 2652 2898 2731 coloniensem,
2942 2674 3040 2718 ar·

532 2752 963 2830 chiepiscopos,
1034 2754 1244 2815 ducem
1304 2753 1629 2815 Robertum
1690 2752 2015 2830 palatinum
2085 2752 2298 2826 Rheni,
2351 2752 2766 2815 wenceslaum
2831 2755 3040 2819 ducem

534 2854 823 2929 saxoniae,
884 2854 1339 2930 sigismundum,
1400 2854 1798 2915 marchionem
1856 2852 2506 2927 Brandenburgensem,
2555 2872 2894 2929 germanum
2935 2858 3033 2920 w.

532 2950 709 3037 (neg.
752 2950 987 3036 Boem.)

732 3054 835 3116 Pii
892 3055 1261 3131 vykonavsni
1313 3055 1498 3132 prava
1554 3052 1948 3115 voleneckeho
2007 3052 2272 3126 platnost
2331 3052 2446 3116 mel
2503 3060 2667 3118 tento
2728 3056 3030 3130 poi-adekz

530 3155 826 3231 Kdykoliv
868 3154 1047 3217 udaia
1088 3171 1155 3217 se
1202 3156 1353 3217 nova
1394 3154 1587 3231 volba,
1635 3153 1774 3229 hylo
1815 3158 2196 3227 ustanoveno,
2241 3155 2310 3215 ie
2350 3156 2480 3216 kral
2525 3156 2706 3232 cesky
2749 3156 3033 3221 formalne

530 3257 625 3318 ma
650 3256 777 3333 byti
806 3256 1049 3333 pozvan,
1092 3258 1207 3333 aby
1237 3255 1413 3332 pi‘ijel
1442 3254 1483 3315 k
1512 3254 1688 3317 vulbe
1716 3252 2247 3334 (Archiepiscopus
2277 3255 2750 3332 Magantinensis
2785 3257 3034 3333 singulis

530 3356 897 3431 principibus
945 3356 1375 3419 coelectoribus
1420 3358 1543 3418 suis
1590 3354 1942 3417 electionem
1984 3355 2228 3415 eandem
2270 3372 2378 3429 per
2419 3358 2660 3417 nuntios
2689 3358 3035 3431 patentibus

530 3455 746 3516 debeat
785 3457 979 3517 literis
1020 3458 1325 3529 intimare;
1394 3458 1453 3516 in
1499 3457 1710 3530 quibus
1755 3454 1994 3531 quidem
2049 3454 2242 3518 literis
2285 3456 2424 3519 talis
2470 3458 2600 3519 dies
2643 3462 2704 3519 et
2745 3458 3032 3519 terminus

530 3558 909 3634 exprimatur,
954 3554 1113 3617 infra
1158 3573 1329 3632 quem
1372 3556 1592 3617 eaedem
1638 3556 1828 3618 literae
1872 3558 1949 3618 ad
1989 3557 2256 3634 singulos
2297 3558 2602 3634 principes
2633 3558 3034 3620 verisimiliter

528 3658 763 3731 possint
802 3660 1117 3732 pervenire
1162 3662 1275 3721 etc.
1320 3656 1443 3719 AB.
1486 3657 1535 3723 L
1584 3659 1683 3718 18.
1735 3658 1859 3739 19.)

730 3758 781 3817 V
826 3756 959 3819 XV.
1005 3758 1142 3819 stol.
1186 3756 1373 3819 hrozil
1416 3754 1548 3817 kral
1592 3754 1914 3835 vladislav‚
1970 3756 2190 3830 jelikoz
2231 3757 2412 3832 nebyl
2478 3756 2705 3831 pozvan
2763 3756 2805 3817 k
2845 3756 3020 3818 vulbe

530 3856 689 3919 Max.
734 3859 804 3934 1.,
847 3857 1168 3934 zbranemi,
1213 3858 1281 3917 ai
1322 3856 1601 3933 vyrceno,
1660 3856 1732 3917 ie
1778 3872 1872 3917 mu
1915 3860 1975 3916 to
2033 3856 2205 3916 nema
2257 3858 2385 3932 byti
2428 3872 2506 3918 na
2547 3858 2726 3933 ujmu,
2787 3874 2823 3917 a
2865 3864 3028 3919 usta-

530 3972 763 4018 noveno
807 3958 1050 4037 pontu,
1094 3958 1326 4034 kdyiby
1366 3957 1548 4033 nebyl
1593 3954 1821 4031 pozvan
1866 3954 2042 4036 (vitr.
2091 3954 2259 4037 225).

728 4057 829 4120 Pii
879 4058 1037 4135 J’izde
1080 4060 1121 4120 k
1162 4058 1335 4119 vulbe
1390 4058 1693 4132 provazeti
1736 4055 1873 4117 meli
1928 4055 2098 4117 ltu-ale
2159 4054 2388 4117 nektei‘i
2445 4057 2759 4134 dustojnici
2817 4058 2986 4119 flesti
3003 4078 3020 4120 t

527 4158 747 4235 Regem
806 4160 873 4223 B.
923 4192 991 4206 -
1046 4162 1106 4222 S.
1164 4162 1214 4225 Ι.
1273 4160 1782 4235 archipineernam
1827 4192 1902 4203 —-
1947 4158 2278 4220 conducent
2337 4160 2822 4233 archiepiscopus
2881 4158 3014 4219 Ma-

527 4260 911 4336 guntinensis,
954 4260 1411 4335 Bambergensis
1455 4265 1520 4320 et
1562 4258 2019 4333 Herbipolensis
2065 4257 2354 4333 episcopi,
2421 4257 2720 4331 burgi-avii
2763 4256 3012 4317 Narem-

527 4361 873 4436 bergenses,
920 4362 1057 4423 item
1100 4361 1190 4421 illi
1236 4359 1309 4421 de
1352 4360 1688 4434 Hebenloe,
1731 4360 1807 4420 de
1836 4358 2182 4431 wertheim,
2230 4358 2335 4418 ille
2380 4359 2454 4419 de
2485 4358 2798 4419 Brunecke
2839 4362 2902 4417 et
2943 4357 3018 4419 de

526 4462 818 4537 Hannon
846 4464 987 4524 item
1020 4463 1291 4523 civitates
1326 4460 1712 4537 Nuremberg,
1745 4459 2092 4534 Retenburg
2123 4465 2185 4520 et
2205 4459 2606 4521 windesheim
2639 4456 2791 4539 (AB.
2814 4458 2860 4519 1.
2888 4455 2998 4541 16)
