3350 5050
1413 499 1496 554 De
1531 498 1825 584 maleficiis.
2722 499 2805 572 65

421 635 858 716 autoritatem,
929 653 1122 717 quam
1189 634 1400 700 stricti
1465 634 1650 717 juris
1726 633 1797 700 Si
1855 637 2079 715 itaque
2122 635 2492 717 Imperator
2542 636 2807 718 ,iusserit

413 727 703 807 aliquem
768 724 983 806 puniri
1043 725 1352 804 severius,
1418 722 1620 805 ,iudex
1685 723 1882 789 debet
1937 742 2141 804 usque
2197 725 2283 790 ad
2342 725 2617 806 triginta
2672 726 2808 800 dies

425 815 682 896 diferre,
717 819 1062 893 antequam
1092 831 1242 877 reus
1271 830 1544 893 poenam
1584 813 1818 876 subeat
1849 815 1961 877 aut
1991 830 2138 877 eum
2163 815 2487 879 sententia
2510 813 2806 895 excipiat.

622 903 938 968 Defuncto
985 917 1060 966 eo
1109 900 1216 982 qui
1263 918 1416 966 reus
1460 900 1580 964 fuit
1625 900 1930 981 criminis,
1978 917 2192 981 poena
2228 918 2483 981 quoque
2529 904 2810 968 extincta

424 997 526 1060 est
571 981 684 1070 (P.
730 990 839 1055 31.
886 989 1062 1055 Dist.
1111 989 1172 1052 1.
1170 977 1232 1068 ).
1303 988 1482 1052 Idem
1551 988 1838 1068 intellige
1909 989 1991 1053 de
2060 989 2359 1054 defuncto
2428 994 2806 1055 accusatore

425 1071 541 1162 (P.
563 1079 667 1144 31.
709 1079 884 1144 Dist.
909 1077 972 1144 2.
973 1067 1036 1158 ),
1067 1077 1188 1142 nisi
1235 1077 1376 1157 quis
1422 1075 1729 1141 delictum
1766 1076 1916 1156 jnre
1964 1077 2263 1158 persequi
2310 1077 2483 1147 velit.
2550 1077 2809 1142 Crimen

417 1169 617 1248 enim,
665 1187 704 1234 a
749 1166 930 1247 cujus
976 1165 1384 1230 accusatione
1431 1165 1570 1244 quis
1617 1165 1867 1228 destitit
1912 1164 2013 1229 vel
2058 1166 2263 1231 victus
2306 1167 2597 1246 recessit,
2646 1167 2809 1231 alius

425 1257 729 1337 persequi
778 1273 906 1320 non
951 1252 1332 1335 prohibetur
1375 1241 1492 1332 (P.
1536 1251 1646 1318 31.
1694 1251 1872 1318 Dist.
1917 1245 2022 1332 3.)
2302 1275 2309 1282 ·

622 1343 721 1408 Ex
767 1340 1098 1408 maleficiis
1142 1340 1449 1422 poenales
1503 1340 1789 1405 actiones
1835 1341 1899 1404 in
1948 1341 2253 1406 heredem
2299 1343 2399 1408 rei
2460 1360 2587 1408 non
2634 1361 2808 1407 com-

428 1436 678 1513 petunt,
711 1431 910 1496 veluti
953 1429 1132 1510 furti,
1161 1430 1222 1494 vi
1255 1430 1566 1494 bonorum
1612 1436 1965 1510 raptorum,
1998 1428 2402 1510 injuriarum,
2436 1430 2653 1496 damni
2684 1435 2805 1496 etc.

432 1520 562 1585 Sed
621 1520 966 1584 heredibus
1035 1515 1396 1597 hujusmodi
1457 1516 1743 1581 actiones
1805 1523 2177 1597 competunt
2220 1537 2342 1584 nec
2387 1519 2810 1598 denegantur,

430 1611 701 1690 excepta
759 1605 1140 1688 injuriarum
1201 1607 1474 1685 actione,
1535 1609 1603 1668 et
1649 1605 1705 1669 si
1752 1624 1917 1685 quae
1965 1606 2091 1670 alia
2162 1607 2382 1671 similis
2428 1608 2812 1690 reperiatur.

629 1695 906 1762 Peccata
963 1711 1112 1759 suos
1169 1698 1416 1759 tantum
1465 1697 1695 1758 tenent
1751 1700 2033 1773 autoreS,
2099 1695 2249 1774 quia
2307 1696 2416 1760 ubi
2460 1713 2650 1760 noxa
2696 1699 2813 1774 est,

432 1784 520 1849 ibi
567 1789 634 1848 et
677 1801 888 1866 poena
931 1798 1076 1846 esse
1123 1780 1344 1860 debet,
1399 1799 1474 1844 ac
1520 1784 1957 1862 unusquisque
2020 1801 2097 1848 ex
2142 1801 2259 1847 suo
2318 1783 2596 1848 admisso
2657 1783 2817 1847 sorti

432 1871 790 1952 subjicitur,
835 1888 956 1936 nec
1002 1868 1195 1934 alieni
1253 1867 1534 1933 criminis
1580 1887 1912 1936 successor
1960 1871 2387 1937 constituitur.
2447 1871 2614 1936 Hinc
2658 1871 2814 1935 illud

432 1959 731 2040 vulgare:
785 1957 1050 2039 „Nullus
1141 1958 1438 2036 lectatur,
1484 1958 1608 2022 nisi
1653 1959 1759 2037 qui
1786 1962 2114 2039 peccator
2156 1949 2469 2024 habetur“
2522 1948 2650 2040 (M.
2684 1959 2811 2040 14„

432 2049 562 2128 15„
611 2048 711 2112 16.
765 2055 822 2111 et
851 2047 928 2110 P.
959 2045 1064 2110 28.
1125 2069 1154 2124 ‚·
1197 2045 1290 2110 sic
1336 2043 1572 2109 delicta
1615 2050 1957 2125 parentum
2006 2065 2131 2111 non
2180 2052 2415 2112 nocent
2459 2047 2702 2129 liberiS‚
2751 2052 2819 2112 et
2868 2117 2874 2124 ,

432 2135 578 2200 ideo
624 2136 850 2217 poenis
893 2151 1117 2199 eorum
1161 2153 1289 2199 non
1334 2139 1640 2198 tenentur
1685 2124 1813 2213 (M.
1865 2135 1967 2204 15.
2019 2134 2099 2198 P.
2140 2126 2291 2215 28.)

629 2224 670 2288 J
674 2220 1060 2288 ureconsulti
1105 2221 1171 2285 in
1217 2221 1524 2287 solvenda
1568 2223 1965 2302 quaestione,
2031 2227 2247 2287 utrum
2294 2222 2461 2287 filius
2516 2225 2819 2288 teneatur

435 2311 831 2394 respondere
875 2328 993 2391 pro
1055 2314 1242 2390 patre
1301 2309 1514 2389 quoad
1574 2309 1831 2390 delicta,
1893 2314 2163 2375 utuntur
2208 2310 2325 2376 tali
2372 2310 2811 2389 distinctione3

438 2399 738 2465 videlicet
782 2416 924 2464 esse
971 2395 1453 2484 quadruplicem
1502 2397 1866 2478 querelam:
1914 2397 2221 2479 Primam,
2270 2417 2434 2478 quae
2481 2398 2693 2478 vergit
2738 2398 2820 2460 ad

317 2542 330 2549 ,
434 2505 706 2571 poenam
753 2484 1118 2567 sanguinis;
1166 2485 1540 2565 secundam,
1589 2503 1668 2551 ex
1702 2486 1935 2552 delicto
1983 2487 2308 2568 parentis3
2376 2486 2654 2565 tertiam,
2701 2503 2819 2566 pro

438 2576 714 2657 injuriis;
756 2579 1070 2655 quartam,
1097 2573 1153 2636 si
1181 2578 1374 2654 pater
1413 2572 1750 2639 defunctus
1787 2574 1978 2639 alicui
2005 2574 2305 2639 damnum
2329 2574 2635 2653 intulerit,
2662 2579 2822 2656 puta

435 2663 632 2743 furt0,
664 2663 929 2745 praeda,
952 2660 1184 2743 rapina
1215 2667 1282 2725 et
1307 2662 1450 2726 aliis
1477 2663 1712 2743 modis;
1748 2668 1881 2727 tum
1915 2663 1977 2725 in
2012 2662 2126 2727 tali
2158 2680 2308 2727 casu
2341 2661 2507 2727 filius
2538 2667 2816 2741 tenetur,

438 2754 504 2817 in
538 2756 844 2834 quantum
892 2748 1276 2830 locupletior
1317 2750 1466 2814 inde
1499 2756 1600 2815 est
1643 2749 1869 2815 factus,
1918 2749 2256 2830 Explorati
2290 2751 2457 2815 enim
2498 2756 2599 2815 est
2636 2749 2823 2831 juriS,

439 2841 756 2905 neminem
805 2838 1048 2903 debere
1095 2836 1476 2916 locupletari
1524 2856 1665 2903 cum
1714 2838 1949 2918 injuria
1996 2838 2263 2903 alterius
2308 2828 2435 2919 (M.
2489 2830 2633 2917 16.)

636 2926 712 2991 In
759 2926 972 2991 causis
1003 2925 1440 2990 criminalibus
1483 2925 1858 3006 proceditur
1904 2926 2254 2991 trifariam:
2304 2927 2422 2991 Vel
2469 2945 2591 3008 per
2635 2944 2822 2991 accu-

441 3015 785 3092 sationem,
845 3013 962 3181 vel)
994 3030 1112 3093 per
1158 3013 1742 3092 denuntiationem;
1809 3014 1909 3078 vel
1953 3032 2073 3097 per
2119 3012 2597 3095 inquisitionem
2661 3008 2825 3095 (Jus

537 3126 762 3255 a'qur
807 3190 1276 3255 accusationem
1322 3188 1721 3269 proceditur,
1766 3196 1839 3255 ut
1885 3190 2142 3271 quando
2190 3196 2529 3256 accusator
2590 3190 2828 3273 exist-it,

443 3278 578 3343 sine
637 3296 760 3358 quo
817 3295 1002 3342 nemo
1060 3277 1344 3359 punitur,
1398 3276 1584 3357 juxta
1636 3277 1796 3343 illud
1842 3278 2131 3344 Domini:
2209 3278 2500 3359 „Mulier,
2565 3280 2675 3344 ubi
2730 3285 2829 3343 est

441 3366 548 3447 qui
600 3371 664 3430 te
699 3355 1048 3431 accusat?“
1103 3364 1190 3429 Et
1220 3371 1370 3429 tunc
1403 3365 1614 3431 omnia
1648 3364 1810 3432 fiunt
1840 3366 2373 3448 quemadmodum
2410 3366 2476 3431 in
2511 3367 2827 3446 civilibus;

443 3454 567 3519 nisi
609 3454 674 3517 in
723 3454 986 3518 crimine
1033 3452 1253 3518 laesae
1299 3452 1666 3533 MaJestatis
1723 3458 1793 3519 et
1837 3454 1977 3520 aliis
2022 3454 2296 3534 publicis
2335 3454 2615 3535 judiciis,
2665 3473 2830 3534 quae

442 3548 676 3607 nocent
719 3542 1134 3622 reipublicae,
1181 3542 1244 3605 in
1293 3542 1522 3619 quibus
1569 3548 1908 3609 accusator
1958 3559 2205 3623 poenae
2266 3542 2543 3623 talionis,
2605 3545 2660 3607 si
2706 3561 2830 3607 non

444 3628 690 3694 habeat
726 3630 967 3710 Justam
1013 3646 1292 3707 causam,
1354 3628 1609 3709 qualem
1657 3630 1902 3696 habere
1952 3635 2296 3696 censentur
2355 3631 2831 3711 consanguinei,

445 3718 553 3883 gui
598 3717 863 3887 cgi113ine
923 3717 1178 3798 publico
1226 3716 1440 3781 affecti
1485 3722 1652 3797 sunt,
1714 3718 2095 3800 experiundi
2144 3718 2443 3798 criminis,
2496 3718 2835 3799 subjicitur

634 3893 771 3959 'Per
819 3891 1386 3973 denuntiationem,
1438 3892 1695 3973 quando
1744 3893 1884 3972 quis
1928 3910 2051 3973 pei·
2098 3892 2403 3959 officiales
2464 3895 2837 3977 specialiter

449 3981 530 4045 ad
577 3981 643 4045 id
693 3983 1039 4063 deputatos
1088 3981 1168 4045 de
1215 3982 1478 4046 crimine
1527 3981 1739 4061 aliquo
1791 3982 2238 4049 denunciatur.
2302 3982 2419 4047 His
2466 3984 2720 4062 quidem
2768 3984 2835 4048 in

444 4068 712 4150 levibuS,
745 4086 868 4133 non
917 4072 1134 4133 autem
1178 4069 1247 4133 in
1287 4070 1690 4150 gravioribus
1736 4069 2107 4135 criminibus
2140 4076 2238 4135 est
2283 4070 2698 4136 credendum.
2748 4072 2837 4136 Et

445 4158 499 4221 si
547 4156 924 4241 apparuerit
967 4155 1110 4221 illos
1155 4156 1547 4222 calumniose
1593 4156 2037 4236 denunciasse‚
2100 4158 2405 4238 puniendi
2470 4165 2660 4225 erunt
2718 4178 2839 4241 per

437 4245 723 4327 judicem
767 4261 978 4328 poena
1025 4245 1556 4311 extraordinaria.

639 4336 740 4399 De
785 4333 948 4398 Jure
993 4332 1312 4399 canonico
1361 4334 1630 4414 quilibet
1698 4333 1808 4414 qui
1857 4322 2133 4399 honesto
2196 4334 2328 4399 zelo
2398 4337 2693 4400 movetur
2755 4335 2839 4400 ad

446 4421 986 4573 denunciandunz,
1033 4420 1391 4489 audiendus
1439 4428 1558 4502 est,
1605 4421 1660 4486 si
1705 4421 1885 4503 prius
1914 4421 2367 4489 denunciatum
2399 4423 2836 4503 admonuerit,

443 4517 517 4575 ut
561 4531 630 4577 se
676 4510 934 4590 corriga
967 4558 980 4573 .

2408 4612 2447 4679 5
