3350 5050
501 527 588 595 60
1295 523 1363 579 V.
1403 519 1741 589 Ophthalmii
1778 519 2091 574 ProcessuS.

699 663 1020 744 Expedita
1088 660 1538 744 appellatione,
1608 659 1662 725 si
1731 659 2009 740 partium
2078 658 2293 738 aliqua
2352 659 2433 723 ad
2494 661 2881 727 audiendam

509 751 958 832 appellationis
1028 750 1412 816 sententiam
1481 753 1629 829 post
1688 748 2033 812 secundam
2094 746 2460 813 citationem
2520 768 2644 814 non
2714 767 2884 816 com-

505 846 726 920 paret,
811 839 1218 904 nihilominus
1285 836 1687 919 publicatur,
1770 840 1837 899 et
1914 835 2379 900 contumaciter
2456 837 2691 903 absens
2764 836 2887 903 sibi

503 927 940 1007 appellatione
988 926 1370 1007 adjudicatis
1416 925 1711 1005 privatur
1755 914 1860 1004 (O.
1911 924 2018 988 10:
2064 923 2239 987 Diei.
2286 917 2391 1004 3.)

701 1030 879 1082 (¹ausa
917 1027 1156 1082 efficiens
1194 1021 1612 1092 appellationem
1652 1031 1737 1076 est
1772 1039 1903 1091 pars
1940 1022 2238 1091 appellans

705 1099 1011 1166 Subjectum
1053 1107 1180 1152 sunt
1215 1096 1544 1164 gravamina.

703 1171 982 1236 objectum
1023 1178 1106 1224 est
1142 1167 1411 1223 sententia
1438 1167 1658 1235 judicis,
1696 1182 1731 1220 a
1767 1183 1888 1235 quo.

706 1243 904 1296 Foima
941 1249 1024 1295 est
1063 1241 1164 1294 fori
1203 1237 1558 1304 consuetudo,
1597 1255 1735 1307 quae
1772 1239 1826 1291 in
1864 1253 1930 1291 ea
1966 1237 2347 1305 prosequenda
2383 1245 2644 1294 servatur.

708 1314 859 1367 Finis
898 1319 997 1382 est,
1023 1321 1084 1366 ut
1108 1312 1410 1380 corrigatur
1437 1309 1637 1380 judicis
1677 1310 1947 1378 imperitia
1975 1316 2029 1363 et
2050 1309 2326 1378 iniquitaS,
2364 1327 2427 1363 ac
2453 1327 2582 1378 pars
2622 1327 2889 1378 oppressa

503 1385 827 1440 sublevetur.

1176 1563 1304 1634 De
1354 1561 1751 1635 emec-zotione
1798 1560 2200 1634 sententiae.

1363 1726 1693 1792 Titulus
1740 1729 2037 1794 XXXIV.

705 1860 957 1925 Nemini
1007 1877 1134 1924 non
1181 1863 1580 1941 compertum
1627 1867 1745 1942 est,
1795 1879 2022 1943 parum
2080 1881 2221 1928 esse
2266 1863 2654 1928 sententiam
2699 1863 2891 1943 ferre,

511 1949 629 2014 nisi
699 1953 766 2013 et
828 1948 972 2029 ipsa
1017 1947 1376 2013 executioni
1445 1948 1803 2016 mandetur.
1874 1949 2079 2030 Igitur
2142 1967 2310 2017 nunc
2372 1951 2454 2016 de
2522 1952 2897 2016 executione

515 2037 876 2101 sententiae
922 2036 1235 2116 sequitur.

712 2124 936 2190 Omnis
981 2124 1324 2202 sententia,
1374 2143 1539 2205 quae
1583 2126 1666 2191 de
1706 2125 1856 2205 jure
1904 2127 2076 2192 valet
2118 2131 2189 2191 et
2231 2143 2397 2205 quae
2444 2143 2561 2208 per
2612 2127 2897 2208 appella-

507 2214 752 2278 tionem
799 2230 926 2276 non
959 2217 1059 2277 est
1092 2230 1423 2293 suspensa,
1459 2213 1654 2278 debet
1684 2215 1933 2294 exequi.
1982 2214 2303 2292 Quocirca
2334 2215 2541 2280 victor
2583 2213 2647 2278 in
2680 2233 2896 2296 causa,

512 2301 621 2364 ubi
672 2301 1056 2366 sententiam
1103 2301 1168 2364 in
1214 2317 1354 2365 rem
1394 2300 1752 2380 judicatam
1800 2303 2131 2366 transiisse
2166 2303 2712 2380 animadverterit,
2762 2302 2900 2383 ejus

511 2388 957 2454 executionem
1023 2407 1067 2559 ὃ
1127 2387 1343 2468 jndice
1416 2389 1608 2456 debet
1675 2396 1904 2470 petere
1972 2383 2078 2470 (0.
2139 2390 2247 2457 21.
2310 2389 2389 2455 G.
2436 2391 2545 2454 29.
2606 2391 2784 2456 Diat.
2835 2392 2893 2456 1.

511 2477 598 2541 Η.
629 2477 732 2543 26
775 2476 844 2541 in
921 2499 1024 2543 ne.

713 2477 1038 2631 Εκθοζιίῐοι*
1106 2569 1224 2646 est,
1294 2566 1402 2645 qui
1471 2570 1619 2647 post
1690 2566 2074 2631 sententiam
2146 2568 2315 2633 inter
2382 2573 2603 2649 partes
2674 2568 2899 2633 audita

475 2685 495 2699 s
515 2654 689 2718 omni
719 2657 787 2719 et
835 2654 1123 2719 discussa
1152 2654 1268 2729 lite,
1295 2653 1637 2735 prolatam,
1667 2656 1764 2719 rei
1789 2654 2120 2735 judicatae
2154 2656 2441 2737 vigorem
2488 2656 2569 2719 ad
2598 2656 2891 2721 effectum

513 2740 768 2807 videtur
815 2741 1157 2808 adducere.

713 2830 786 2894 In
836 2832 1121 2912 petenda
1179 2831 1554 2895 executione
1611 2849 1735 2896 non
1800 2835 1903 2895 est
1961 2850 2122 2912 opus
2184 2831 2381 2897 libelli
2441 2831 2725 2897 editione
2786 2836 2901 2896 aut

516 2918 648 2983 litis
726 2921 1216 2985 contestatione.
1305 2918 1432 2982 Sed
1501 2919 1554 2983 si
1614 2918 1819 2984 victus
1886 2938 2011 2984 non
2066 2920 2383 2986 satisfacit
2439 2920 2701 2999 victori,
2764 2925 2897 2985 tum

511 3012 856 3087 postquam
903 3008 1227 3071 sententia
1273 3007 1337 3070 in
1383 3026 1520 3071 rem
1562 3006 1917 3087 judicatam
1968 3009 2284 3084 transivit,
2317 3026 2437 3089 per
2475 3007 2781 3087 judicem,
2829 3012 2901 3072 ut

515 3095 688 3159 intra
736 3094 1016 3159 triduum
1073 3094 1449 3174 satisfaciat,
1500 3095 1924 3175 compellitur.
1990 3095 2175 3173 Quod
2235 3097 2289 3160 si
2334 3114 2453 3160 nec
2511 3101 2663 3161 tunc
2709 3095 2894 3160 satis-

512 3182 760 3261 fecerit,
805 3188 1130 3263 postremo
1179 3184 1262 3247 ad
1295 3183 1448 3247 solis
1480 3201 1775 3249 occasum
1808 3184 1867 3247 ei
1898 3183 2252 3248 satisfactio
2284 3183 2670 3263 injungitur;
2708 3202 2896 3263 quam

514 3272 566 3336 si
613 3290 694 3335 ne
755 3275 906 3334 tunc
953 3271 1209 3350 quidem
1273 3266 1698 3353 praestiterit,
1760 3272 1823 3335 in
1888 3289 2216 3337 carcerem
2278 3271 2633 3351 conjicitur,
2697 3271 2901 3336 donec

515 3358 842 3440 persolvat
873 3348 915 3435 (
914 3360 979 3424 C.
1006 3359 1111 3424 22.
1113 3356 1176 3440 ),
1226 3360 1347 3424 nisi
1393 3359 1560 3424 forte
1601 3360 1683 3424 ad
1716 3360 1996 3441 spatium
2044 3360 2319 3435 duarum·
2347 3359 2897 3425 hebdomadarum

518 3446 783 3513 idoneos
829 3445 1240 3526 fidejussores
1288 3447 1560 3526 dederit,
1611 3448 1715 3527 qui
1753 3454 1898 3528 post
1946 3447 2096 3512 illud
2135 3453 2406 3530 tempus,
2454 3448 2520 3511 in
2564 3454 2903 3512 numerata

519 3537 812 3616 pecunia,
863 3536 1091 3600 victori
1138 3534 1533 3600 satisfactum
1582 3536 1662 3599 iri
1706 3538 2085 3617 promittant
2128 3526 2233 3615 (0.
2280 3535 2388 3603 22.
2436 3536 2531 3600 cia
2556 3527 2817 3624 finem.)

717 3638 895 3689 Causa
932 3635 1170 3689 efficiens
1213 3636 1578 3690 executionem
1622 3644 1704 3689 est
1731 3637 1921 3706 judex,
1958 3653 2075 3690 eam
2112 3638 2231 3692 fieri
2267 3640 2546 3693 mandalia.

720 3707 1033 3773 Subjectum
1073 3714 1156 3761 est
1182 3708 1466 3774 sententia,
1493 3724 1631 3777 quae
1670 3708 1725 3761 in
1764 3725 1873 3762 rem
1905 3709 2227 3777 judiciatam
2269 3711 2503 3764 transiit.

719 3779 1000 3845 objectum
1041 3788 1122 3832 est
1161 3796 1396 3846 persona
1433 3786 1488 3831 ct
1527 3781 1668 3833 bona
1706 3779 1865 3850 illius,
1906 3788 2096 3835 contra
2132 3798 2287 3849 quem
2328 3783 2623 3850 exequitur.

721 3852 920 3903 Forma
957 3857 1042 3903 est
1077 3850 1430 3917 consuetudo,
1471 3867 1608 3918 quae
1647 3850 1702 3903 in
1741 3852 2057 3906 executione
2096 3860 2360 3907 servatur.

715 3921 867 3975 Finis
906 3928 1005 3991 est,
1045 3930 1107 3975 ut
1143 3924 1315 3977 victor
1351 3938 1507 3976 suum
1546 3929 1924 3990 consequatur.

1010 4151 1137 4224 De
1187 4151 1505 4251 empemis
1551 4175 1670 4225 seu
1722 4149 1979 4224 viatico
2030 4151 2420 4251 repetenda

1388 4314 1710 4378 Titulus
1755 4315 2019 4380 XXXV.

718 4442 1086 4511 Communis
1149 4446 1374 4527 regula
1420 4446 1722 4526 traditur,
1788 4447 1956 4526 quod
2004 4447 2205 4513 victus
2253 4449 2480 4515 victori
2535 4448 2905 4515 indistincte

517 4537 582 4599 iu
641 4536 810 4602 omni
885 4552 1119 4615 causa,
1191 4540 1324 4600 tam
1371 4534 1541 4600 civili
1597 4552 1787 4614 quam
1856 4534 2208 4617 criminali,
2269 4537 2337 4603 in
2398 4538 2695 4620 expensis
2760 4555 2906 4601 con-
