3350 5050
547 426 679 499 253
1611 425 1887 481 Stranskii

747 566 825 633 V.
874 566 1056 631 Haec
1102 564 1318 647 igitur,
1367 568 1448 632 de
1481 568 1713 647 quibus
1745 568 2059 632 hactenus
2104 565 2545 642 disseruimus,
2592 572 2741 630 sunt
2772 582 2937 643 quae

553 655 895 723 terrestria
923 660 1236 719 vocantur
1263 660 1331 719 et
1362 656 1590 737 Regno
1623 654 1741 720 toti
1776 656 2217 731 vendicantur,
2264 671 2535 718 munera
2566 653 2933 733 superiora:

551 746 692 811 Rex
737 742 1032 809 similiter
1079 760 1196 808 sua
1243 741 1442 808 habet
1483 744 1683 822 varia,
1733 744 2061 823 dignitatis
2106 744 2503 823 neutiquam·
2527 742 2934 822 spernendae

554 850 839 897 munera.
890 831 1114 896 Utitur
1160 834 1374 895 autem
1421 830 1497 895 iis
1537 830 1687 910 jure
1734 832 2093 911 majestatis
2140 850 2287 909 suo,
2350 830 2410 894 in
2461 830 2658 897 rebus
2703 830 2935 911 partim

554 920 761 1000 seriis,
810 918 1044 1001 partim
1077 916 1586 985 oblectabilibus.
1637 920 1839 986 Seriis
1870 922 2069 985 rebus
2099 926 2511 1000 occupantur,
2546 936 2712 997 quae
2745 918 2932 983 desu-

553 1008 711 1073 dant
752 1008 818 1072 in
857 1006 1152 1086 justitiae
1197 1005 1775 1087 administratione,
1840 1008 1903 1073 in
1960 1006 2095 1073 fisci
2157 1008 2321 1087 regii
2376 1012 2444 1071 et
2506 1024 2673 1084 quae
2725 1005 2807 1069 ab
2856 1023 2932 1070 co

556 1095 951 1176 dependent,
1023 1096 1505 1175 procuratione,
1577 1094 1639 1160 in
1708 1095 2073 1175 feudorum,
2142 1114 2307 1176 quae
2376 1094 2548 1159 ultra
2606 1095 2931 1176 Bojemum

555 1183 820 1249 limitem
871 1188 1040 1259 sunt,
1102 1182 1561 1261 moderatione,
1620 1184 1811 1263 inque
1867 1183 2195 1249 ordinaria
2241 1183 2463 1247 domus
2524 1188 2593 1247 et
2654 1182 2938 1262 corporis

552 1271 720 1351 regii
777 1271 1087 1336 custodia.
1153 1270 1532 1352 Expeditius
1591 1288 1785 1353 porro
1848 1272 2160 1347 obeundis
2220 1270 2587 1336 muneribus
2643 1269 2739 1335 his
2799 1269 2935 1334 fero

553 1359 821 1440 singulis
850 1358 1154 1439 adjuncta
1185 1360 1380 1424 etiam
1410 1366 1509 1425 est
1539 1378 1884 1425 numerosa
1922 1360 2442 1438 secretariorum,
2476 1359 2935 1431 actuariorum,

554 1447 932 1526 scribarum,
980 1448 1318 1528 viatorum,
1367 1448 1991 1528 ministeriorumque
2022 1452 2425 1513 caeterorum
2460 1447 2669 1512 turba.
2719 1447 2932 1524 Admi-

551 1534 926 1601 nistrandae
967 1534 1257 1615 justitiae
1303 1535 1440 1600 Rex
1475 1536 1877 1602 consiliarios
1923 1536 2045 1601 sibi
2078 1536 2396 1601 arbitratu
2444 1552 2557 1599 suo
2597 1533 2772 1616 legit,
2823 1553 2936 1613 ier

551 1641 791 1704 eosque
849 1620 1130 1689 definitis
1189 1622 1334 1704 lege
1393 1624 1642 1702 diebus,
1713 1629 2127 1689 controversa
2188 1642 2355 1688 nunc
2414 1621 2699 1702 curialia,
2770 1640 2937 1687 nunc

553 1708 896 1779 cameralia
919 1712 1178 1791 negotia
1205 1712 1483 1791 quaevis,
1503 1712 1672 1792 juris
1696 1714 1799 1778 via
1826 1713 2151 1792 cognoscit
2176 1730 2250 1777 ac
2266 1710 2523 1776 decidit.
2555 1710 2941 1776 Praesident

553 1804 770 1865 autem
844 1797 1150 1865 tribunali
1227 1800 1470 1866 consilii
1549 1800 1741 1880 hujus
1808 1800 1986 1879 regio
2058 1800 2411 1865 directores
2480 1798 2606 1863 duo
2677 1798 2937 1872 diversi,
3052 1814 3061 1819 ·

557 1904 716 1969 quos
775 1886 996 1952 ambos
1053 1903 1352 1952 vocamus
1405 1906 1780 1970 supremos:
1844 1889 1909 1953 in
1969 1888 2317 1953 curialibus
2376 1887 2631 1967 quidem
2675 1886 2715 1951 J
2737 1886 2941 1950 udex

554 1975 876 2052 Curiae,
920 1974 985 2038 in
1033 1974 1462 2041 cameralibus
1509 1995 1660 2041 vero
1700 1977 1998 2041 Curiae
2050 1976 2146 2040 vel
2180 1974 2936 2055 PalatiiMagister.

553 2062 723 2128 Fisei
753 2062 960 2142 Regii,
1011 2062 1284 2128 Statkt‘iv
1315 2064 1582 2131 atolm'ch
1613 2065 1641 2127 i
1669 2064 2054 2142 hommich,
2102 2066 2236 2130 sive
2268 2062 2638 2143 patrimonii
2672 2063 2937 2143 agrique

555 2150 746 2232 Regii
791 2151 1249 2233 procurationi,
1294 2151 1837 2218 Praefectura
1880 2153 2260 2231 Aeraria,
2309 2167 2420 2215 seu
2454 2157 2527 2217 ut
2570 2168 2713 2217 cum
2748 2150 2936 2231 vulgo

554 2240 800 2320 loquar,
847 2238 898 2305 C
921 2239 1300 2305 onsilium
1337 2240 1729 2307 Gamerae
1762 2245 1863 2306 est
1892 2240 2289 2314 ordinatu1n;
2342 2239 2443 2303 cui
2474 2240 2579 2318 qui
2612 2240 2941 2319 praesidet

561 2329 736 2407 baro,
775 2326 1292 2394 Praesidens
1325 2328 1713 2395 Gamerae
1745 2328 2126 2409 appellatur,
2168 2326 2495 2407 habetque
2526 2346 2603 2393 ex
2637 2327 2938 2408 Equestri

562 2416 808 2482 Ordine
839 2414 1176 2497 adjunctos
1207 2416 1490 2498 collegas
1521 2423 1592 2483 nt
1623 2417 1963 2497 plurimum
1992 2419 2289 2496 quinque.
2325 2415 2569 2480 Horum
2594 2416 2771 2480 dicto
2794 2423 2943 2479 sunt

559 2504 898 2571 audientes
944 2502 1321 2585 Fiscalis,
1370 2524 1556 2586 quem
1607 2504 1809 2587 Regis
1855 2506 2345 2571 Procuratorem
2402 2509 2647 2570 vocant.
2703 2504 2941 2569 aerarii

561 2598 864 2674 quaestor
949 2592 1356 2674 logistesque,
1448 2601 1518 2659 et
1604 2593 1915 2659 ditionum
2006 2592 2539 2675 patrimonialium
2632 2591 2942 2674 praefecti

561 2697 798 2760 omnes,
863 2680 1192 2761 libripens,
1257 2683 1622 2761 passimque
1686 2682 1748 2746 in
1811 2681 2007 2746 limite
2060 2685 2129 2746 et
2171 2682 2457 2760 urbibus,
2524 2680 2943 2760 vectigalibus

562 2767 894 2848 exigendis
941 2769 1274 2834 constituti
1320 2775 1671 2836 exactores.
1740 2769 1901 2835 Fisci
1950 2769 2388 2850 procurationi
2434 2767 2643 2834 affinis
2691 2787 2942 2847 quoque

561 2861 664 2922 est
720 2855 1334 2922 Metallicoruni
1392 2857 1963 2938 Magisterium
2024 2874 2413 2938 supremum.
2478 2855 2942 2922 Commendare

560 2944 682 3009 hoc
729 2961 958 3008 munus
1003 2944 1146 3010 Rex
1204 2963 1323 3025 per
1367 2944 1546 3026 lege‘s
1592 2950 1807 3027 potest
1858 2941 1905 3022 ¹)
1968 2951 2098 3010 tam
2162 2965 2241 3010 cx
2304 2945 2545 3010 civibus
2608 2962 2799 3024 quam
2866 2961 2943 3008 ex

563 3031 920 3112 nobilitate,
987 3033 1122 3098 viro
1185 3033 1348 3097 bono
1409 3051 1596 3114 quem
1655 3034 1751 3100 rei
1805 3034 2084 3116 peritum
2133 3039 2201 3098 et
2246 3031 2585 3098 obeundae
2632 3031 2939 3096 functioni

560 3121 863 3188 idoneum
914 3119 1242 3202 judicarit.
1292 3121 1572 3188 Visitare
1639 3127 1850 3187 autem
1900 3121 1973 3200 is,
2047 3127 2240 3202 prout
2282 3139 2444 3202 opus
2498 3129 2618 3201 est,
2686 3125 2944 3186 tenetur

471 3207 478 3214 ’
564 3210 706 3275 auri
751 3214 820 3274 et
865 3209 1118 3290 argenti
1165 3207 1412 3275 fodinas
1461 3215 1594 3275 toto
1642 3227 1840 3289 reguo
1887 3227 2131 3289 omnes,
2178 3208 2241 3275 in
2289 3227 2513 3290 eaque,
2578 3226 2741 3289 quae
2798 3210 2945 3275 istic

562 3301 911 3376 geruntur,
981 3297 1321 3379 diligenter
1381 3297 1714 3378 inquirere
1736 3349 1751 3374 ,
1820 3303 1889 3362 et
1950 3298 2251 3378 quicquid
2324 3303 2587 3378 praeter
2654 3296 2941 3362 ordinem

555 3387 834 3468 juraque
892 3384 1208 3450 fodinaria
1271 3387 1376 3466 agi
1441 3385 1541 3451 vel
1601 3403 1640 3451 a
1698 3385 1873 3450 fundi
1938 3385 2191 3451 domino
2250 3385 2348 3450 vel
2404 3386 2487 3451 ab
2544 3383 2941 3450 officinarum

565 3472 1028 3540 metallicarum
1063 3471 1423 3539 hominibus
1453 3473 1715 3555 peccari
1748 3474 2057 3554 cognorit,
2104 3474 2478 3549 emendare;
2528 3472 2945 3552 compellatus

565 3563 648 3628 ab
678 3561 758 3627 iis
803 3578 1073 3641 quorum
1105 3563 1396 3640 interest,
1446 3561 1528 3626 de
1559 3561 1932 3628 redimendo
1966 3583 2005 3626 a
2034 3562 2380 3629 fossoribus
2426 3561 2567 3626 auri
2614 3561 2943 3640 argentive

567 3650 1016 3728 emolumento,
1065 3655 1314 3714 mature
1361 3649 1423 3712 id
1473 3649 1707 3729 facere,
1754 3656 1842 3728 et,
1892 3656 1962 3715 ut
2003 3649 2199 3715 verbo
2245 3650 2475 3727 dicam,
2522 3649 2737 3714 omnia
2780 3667 2943 3730 quae

565 3737 1040 3818 promovendae
1085 3737 1184 3803 rei
1229 3737 1626 3803 metallariae
1674 3744 2039 3819 opportuna
2082 3739 2375 3814 senserit,
2436 3743 2737 3802 accurate
2792 3757 2941 3819 pro-

565 3825 831 3907 spicere.
897 3827 969 3891 In
1031 3823 1170 3903 ejus
1232 3843 1425 3891 curae
1488 3831 1740 3909 partem
1802 3844 1945 3892 cum
2002 3845 2078 3892 eo
2144 3825 2315 3891 venit
2358 3825 2602 3905 Regius
2647 3831 2944 3892 monetae

565 3913 952 3994 explorator,
1007 3913 1116 3994 qui
1163 3919 1298 3980 tum
1344 3933 1514 3996 quae
1559 3915 1623 3979 in
1672 3931 1811 3979 rem
1859 3914 2113 3993 viderit,
2162 3931 2305 3979 eum
2351 3931 2633 3989 monere,
2682 3919 2817 3978 tum
2865 3934 2945 3981 ne

567 4017 796 4068 numus
840 4001 1132 4082 publicus
1189 4001 1606 4082 depravetur,
1663 4021 1929 4083 operam
1991 4001 2184 4067 debet
2244 4000 2401 4064 dare
2450 3993 2523 4078 ²).
2582 4001 2731 4066 Jam
2796 4020 2945 4068 vero

567 4089 719 4173 quia
773 4089 1008 4156 multas
1065 4089 1130 4154 in
1179 4091 1550 4170 Germania,
1611 4091 1884 4171 ideoque
1942 4090 2117 4155 ultra
2172 4089 2356 4169 regui
2410 4089 2509 4154 sui
2566 4087 2747 4168 fineS,
2808 4091 2943 4156 Rex
3030 4087 3041 4094 '

567 4179 866 4261 Bojemus
923 4176 1120 4244 habet
1189 4177 1539 4260 clientelaS,
1607 4177 1803 4243 feuda
1860 4183 1927 4242 et
1984 4175 2313 4256 beneficia,
2384 4195 2549 4258 quae
2599 4175 2731 4257 jam
2792 4177 2941 4242 olim

566 4285 842 4335 coronae
876 4269 944 4332 et
973 4266 1238 4346 regibus
1267 4264 1546 4346 BoJemis
1577 4271 1729 4331 sunt
1757 4265 2050 4344 obnoxia,
2097 4265 2174 4330 iis
2213 4265 2279 4329 in
2310 4263 2515 4332 officio
2546 4264 2945 4332 continendis

775 4458 818 4526 ¹)
859 4457 1034 4525 Regni
1069 4455 1362 4513 constitut.
1399 4459 1468 4511 A.
1504 4459 1592 4514 47.
1667 4455 1721 4524 ²)
1760 4457 1893 4523 cap.
1930 4453 2136 4524 xvni,
2172 4458 2224 4522 §-
2260 4439 2313 4512 4'.
