3350 5050
1439 535 1524 588 De
1560 529 1852 587 maleficiis.
2758 535 2843 604 75

987 694 1114 768 De
1179 694 1449 769 delictis
1513 692 1825 792 privatis
1893 691 2305 774 ordinarii-3,

1247 830 1314 876 et
1363 823 1655 890 primum
1707 821 1790 877 de
1838 819 2048 874 furto.

660 939 928 1008 Furtum
999 941 1158 1007 nihil
1203 943 1375 1008 aliud
1434 953 1534 1010 est
1600 943 1719 1009 nisi
1783 940 2200 1008 contrectatio
2270 942 2681 1008 fraudulenta
2748 940 2840 1006 rei

465 1027 734 1110 alienae,
782 1030 1054 1109 mobiliS,
1104 1032 1476 1112 corporalia,
1529 1031 1633 1097 vel
1677 1033 1871 1097 etiam
1920 1049 2070 1096 usus
2118 1030 2277 1112 ejuS‚
2320 1029 2842 1113 possessionisve,

463 1134 628 1196 quae
674 1117 747 1183 fit
791 1119 1003 1186 animo
1049 1117 1215 1184 lucri
1260 1118 1557 1201 faciendi,
1606 1121 1803 1186 invito
1852 1120 2107 1185 domino
2156 1109 2269 1198 (P.
2318 1108 2419 1199 1.)

655 1203 924 1272 Furtum
984 1207 1220 1272 dicitur
1277 1227 1316 1273 a
1357 1209 1544 1274 furvo
1591 1227 1703 1274 seu
1751 1210 1959 1290 nigro,
2020 1207 2187 1287 quod
2237 1207 2398 1272 clam
2458 1213 2526 1272 et
2572 1206 2842 1272 obscure

323 1350 334 1360 .
464 1293 597 1374 fiat,
650 1298 716 1359 et
760 1295 1137 1377 plerumque
1184 1297 1264 1362 tle
1310 1301 1534 1376 nocte3
1581 1295 1682 1364 vel
1730 1317 1770 1362 a
1812 1296 2075 1362 ferendo
2122 1300 2190 1362 et
2235 1314 2273 1359 a
2318 1295 2647 1376 portando.

659 1382 736 1447 Id
783 1401 991 1463 aeque
1036 1383 1318 1450 naturali
1365 1403 1444 1450 ac
1499 1385 1712 1452 divino
1752 1385 1900 1466 jure
1960 1388 2061 1450 est
2104 1381 2493 1464 prohibitum
2557 1373 2671 1462 (Ρ.
2720 1383 2781 1448 2.
2785 1374 2847 1463 ).

661 1470 912 1551 Estque
956 1477 1070 1537 aut
1113 1470 1539 1552 manifestum,
1577 1475 1833 1554 quando
1876 1473 1979 1537 fur
2023 1473 2088 1536 in
2136 1471 2273 1554 ipso
2320 1471 2489 1536 facto
2537 1469 2635 1536 vel
2692 1471 2846 1536 alibi

369 1581 374 1586 ·
474 1577 616 1622 cum
645 1577 720 1624 re
750 1559 986 1625 furtiva
1019 1559 1558 1641 deprehenditur;
1608 1567 1869 1627 autnon
1900 1560 2326 1640 manifestum,
2355 1559 2522 1640 quod
2556 1561 2845 1626 commit·

473 1646 630 1712 titur
676 1649 828 1712 sine·
867 1646 1374 1729 deprehensione
1421 1649 1598 1715 dicta
1643 1641 1754 1730 (P.
1804 1642 1910 1730 3.)

664 1734 832 1802 Olim
864 1753 1074 1816 poena
1106 1740 1252 1800 erat
1289 1737 1442 1802 furti
1482 1739 1549 1802 in
1597 1739 2019 1820 quadruplum
2054 1738 2153 1803 vel
2186 1736 2463 1818 duplum,
2500 1737 2554 1800 si
2584 1735 2847 1800 maioris

466 1823 930 1890 aestimationis
975 1842 1254 1905 persona
1299 1825 1390 1904 fit,
1452 1826 1997 1908 reeompensati0;
2064 1825 2327 1890 minoris
2373 1829 2587 1889 autem
2650 1823 2843 1888 aesti-

469 1911 763 1978 mationis
793 1911 972 1976 fures
1004 1912 1220 1992 virgiS,
1251 1914 1524 1980 fustibus
1563 1913 1664 1980 vel
1695 1915 2069 1980 ostracismo
2102 1912 2595 1979 mulctabantur.
2634 1911 2845 1975 Hodie
2896 1929 2905 1938 ·

463 2005 678 2064 tamen
725 1997 831 2064 fur
875 2018 1146 2080 poenam
1193 2001 1310 2066 luit
1353 2003 1416 2066 in
1466 2000 1751 2083 corpore.
1808 2003 1909 2068 Ob
1943 2003 2159 2068 delicti
2205 2001 2373 2066 enim
2414 1999 2842 2079 frequentiam

469 2093 534 2152 et
569 2067 1336 2168 juxta!Constitutionem
1381 2089 1699 2156 Friderici
1732 2091 1928 2155 Primi
1976 2089 2395 2171 Imperatoris
2441 2106 2651 2169 poena
2693 2086 2846 2151 furti

469 2182 570 2240 est
614 2175 900 2255 laqueus,
949 2175 1131 2240 furca
1162 2179 1261 2242 vel
1309 2179 1660 2258 patibulum
1696 2170 1809 2257 (P.
1846 2181 1904 2244 4.
1942 2177 2120 2243 Dist.
2156 2167 2256 2258 1.)
2302 2177 2601 2240 Parcitur
2629 2179 2843 2239 tamen

467 2264 806 2344 aliquando
854 2265 1056 2329 aetati
1087 2253 1134 2344 (
1124 2265 1197 2331 P.
1230 2258 1392 2347 14).
1446 2268 1673 2333 Dictus
1707 2266 2074 2333 Fridericus
2106 2266 2267 2347 Imp.
2301 2264 2651 2340 constituit,
2698 2280 2841 2327 eum

467 2353 574 2432 qui
621 2353 898 2433 quinque
961 2352 1195 2418 solidos
1259 2361 1372 2419 aut
1427 2356 1570 2436 plus
1629 2354 1976 2433 furaretur,
2036 2355 2265 2433 laqueo
2329 2351 2841 2432 suspendendum

463 2458 640 2520 esse;
691 2441 743 2505 si
791 2440 1022 2520 minus,
1069 2444 1280 2526 scopis
1325 2446 1393 2508 et
1435 2442 1676 2526 forcipe
1725 2442 2179 2508 excoriandum
2227 2447 2295 2504 et
2340 2437 2754 2503 tondendum.

667 2529 974 2595 Ementes
1022 2528 1373 2597 inscienter
1417 2550 1523 2597 res
1571 2532 1839 2596 furtivas
1871 2536 2173 2595 tenentur
2202 2546 2313 2593 eas
2358 2529 2495 2593 sine
2526 2526 2846 2592 refusione

472 2618 686 2698 pretii,
713 2616 1160 2699 proprietariis
1191 2621 1560 2699 restituere,
1586 2638 1706 2684 nec
1736 2625 2004 2701 possunt
2036 2636 2145 2683 eas
2168 2635 2286 2698 pro
2312 2616 2520 2698 pretio
2544 2616 2846 2680 retinere.

468 2704 546 2770 Id
612 2704 685 2770 fit
744 2706 912 2785 ide0,
975 2709 1045 2770 ut
1101 2705 1164 2770 in
1212 2714 1540 2789 posterum
1601 2706 1855 2774 discant
1900 2706 2149 2772 cautius
2218 2704 2493 2769 mercari
2564 2694 2685 2781 (H.
2740 2704 2837 2767 11.

465 2790 642 2859 Diet.
687 2792 749 2857 2.
799 2793 872 2858 P.
923 2794 1031 2859 15.
1075 2794 1200 2859 Jua
1248 2796 1441 2861 Prov.
1494 2795 1574 2860 L.
1621 2795 1713 2861 24
1732 2790 1771 2874 )

660 2880 881 2947 Canon
929 2887 1063 2947 est:
1114 2882 1179 2947 Si
1229 2884 1381 2963 quid
1452 2884 1749 2949 invenisti
1820 2887 1887 2949 et
1942 2901 2065 2947 non
2116 2880 2478 2957 reddidisti,
2538 2879 2844 2961 rapuisti3

468 2976 775 3049 quantum
817 2971 1102 3051 potuisti,
1152 2973 1394 3037 fecisti:
1446 2971 1595 3052 quia
1625 2972 1770 3052 plus
1799 2990 1924 3037 non
1970 2970 2287 3048 invenisti,
2336 2968 2483 3034 ideo
2529 2967 2672 3050 plus
2716 2985 2843 3032 non

475 3057 764 3139 rapuisti.
812 3058 990 3122 Deus
1047 3077 1159 3123 cor
1202 3060 1582 3141 interrogat,
1641 3078 1766 3125 non
1810 3078 2087 3124 manum.
2150 3056 2338 3122 Multi
2398 3057 2535 3121 sine
2580 3060 2848 3136 peccato

469 3151 700 3226 putant
745 3164 909 3225 esse,
975 3144 1030 3209 si
1078 3146 1378 3228 alienum,
1441 3149 1608 3228 quod
1655 3148 2035 3227 invenerint,
2094 3146 2419 3210 retineant
2478 3150 2545 3209 et
2590 3143 2844 3208 dicunt:

470 3236 644 3300 Deus
677 3232 829 3299 mihi
863 3233 1060 3315 dedit,
1095 3235 1197 3300 cui
1241 3235 1448 3301 habeo
1479 3235 1811 3302 reddere?
1859 3236 2040 3316 quasi
2074 3234 2311 3312 dicant,
2360 3231 2529 3297 nulli.
2585 3233 2849 3296 Discant

473 3338 648 3403 ergo,
699 3329 1034 3403 peccatum
1075 3322 1278 3389 simile
1327 3341 1468 3389 esse
1517 3326 1805 3405 rapinae,
1852 3324 1907 3388 si
1950 3324 2091 3403 quis
2135 3322 2396 3386 inventa
2441 3338 2566 3383 non
2613 3320 2845 3385 reddit.

467 3401 680 3489 (Vide
722 3411 850 3476 Jus
895 3411 1094 3500 Pray.
1146 3412 1218 3477 P.
1274 3404 1418 3487 17.)

661 3498 845 3563 Furti
911 3517 1118 3579 poena
1185 3506 1488 3566 tenentur
1557 3505 1624 3564 et
1691 3499 1799 3579 illi,
1874 3517 2143 3579 quorum
2205 3516 2348 3580 ope,
2424 3496 2687 3562 consilio
2750 3496 2848 3560 vel

470 3586 911 3666 quoquomodo
959 3585 1192 3653 furtum
1257 3593 1357 3652 est
1411 3588 1669 3653 factum.
1736 3577 1879 3668 (De
1933 3585 2035 3653 his
2092 3586 2244 3651 vide
2299 3607 2512 3670 supra
2564 3582 2846 3651 Titulum

472 3674 554 3738 de
599 3674 872 3740 delictis.
903 3676 1094 3842 ——)H.
1150 3677 1250 3743 11.
1301 3675 1475 3742 Dist.
1525 3676 1585 3741 3.
1639 3675 1729 3739 N.
1775 3675 1835 3741 8.
1903 3675 1974 3741 Ρ.
2026 3676 2085 3741 5.
2142 3683 2197 3738 et
2245 3675 2314 3739 P.
2366 3676 2423 3739 6.
2476 3673 2604 3738 Jus
2650 3672 2841 3737 Prov.

663 3849 926 3915 Furtum
989 3851 1197 3931 majus
1257 3849 1338 3916 de
1399 3858 1583 3916 nocte
1646 3854 2093 3932 perpetratum
2154 3852 2217 3915 in
2264 3850 2471 3930 horto,
2528 3850 2715 3913 vinea
2783 3855 2850 3914 et

465 3937 681 4002 fundis
713 3938 964 4017 laqueo,
997 3940 1203 4004 minus
1235 3958 1386 4005 vero
1422 3940 1500 4005 cle
1533 3939 1638 4004 die
1671 3939 2093 4020 commissum,
2131 3938 2456 4004 oculorum
2490 3938 2845 4012 privatione

471 4025 732 4105 punitur
777 4015 889 4100 (P.
922 4017 1087 4108 19.).
1136 4027 1357 4093 Talem
1403 4028 1610 4093 furem
1657 4028 1711 4092 si
1760 4027 1901 4106 quis
1931 4026 2351 4106 interfecerit,
2398 4026 2554 4090 nihil
2587 4026 2846 4103 amittit,

469 4113 618 4178 dum
666 4113 826 4180 duos
873 4115 1096 4181 obulos
1144 4116 1340 4196 capiti
1383 4116 1580 4196 ipsius
1629 4116 1900 4195 imponit
1943 4106 2052 4193 (Ρ.
2106 4114 2195 4179 18
2239 4123 2297 4179 et
2340 4115 2416 4181 P.
2456 4105 2607 4196 20.)

663 4201 861 4269 Pater
908 4208 1134 4269 contra
1180 4203 1398 4282 filium,
1461 4202 1730 4268 maritus
1790 4208 2015 4268 contra
2058 4220 2323 4268 uxorem
2382 4204 2634 4268 actione
2660 4274 2669 4283 .
2694 4202 2848 4266 furti

463 4306 590 4353 non
636 4294 856 4370 potest
901 4308 1118 4372 agere,
1179 4291 1301 4356 nisi
1351 4291 1600 4356 actione
1665 4294 2021 4356 amotarum
2070 4310 2290 4355 verum
2354 4297 2581 4358 contra
2628 4290 2844 4355 volun·

467 4384 685 4442 tatem.
734 4380 1035 4445 Actiones
1081 4398 1311 4461 nempe
1359 4378 1721 4461 hujusmodi
1770 4382 1919 4444 sunt
1962 4380 2249 4444 famosae
2295 4369 2405 4460 (Ρ.
2460 4369 2604 4460 13.)

664 4466 810 4533 Huc
866 4467 1148 4550 pertinet
1218 4472 1285 4533 et
1340 4466 1640 4549 plagium,
1703 4467 1957 4547 quando
2027 4468 2167 4548 quis
2234 4466 2498 4534 abducit
2557 4474 2625 4535 et
2680 4464 2849 4531 celat

463 4554 638 4635 patri
694 4554 912 4637 filium,
959 4554 1213 4621 domino
1255 4572 1534 4634 servum,
1579 4554 1975 4639 reipublicae
2046 4556 2269 4639 civem,
2334 4574 2574 4637 eosque
2638 4554 2847 4621 sciens
