3350 5050
631 501 761 571 236
1687 499 1965 556 stranskii

636 640 774 719 alii,
839 640 1011 706 inter
1058 659 1169 705 eos
1215 640 1321 721 qui
1371 643 1702 708 Romanae
1749 641 1937 708 Sedis
1985 635 2324 720 disciplina
2369 643 2708 718 reguntur,
2775 640 3014 720 quique

634 728 780 793 sub
814 748 962 793 una
999 729 1527 809 cognominantur
1594 731 1886 810 Itemque
1919 729 2404 794 administrator
2436 743 2574 791 cum
2610 727 3014 808 presbyterio

634 814 804 881 omni
864 835 1023 898 suo„
1064 816 1505 884 archi-decani
1556 818 2145 885 Cutno-Montanus
2207 821 2273 880 et
2319 813 2773 895 HradecensiS,
2839 815 3014 880 urbi-

635 923 869 984 umque
916 906 981 969 in
1029 923 1227 985 regno
1275 906 1747 988 populosiorum
1797 906 2040 985 decani,
2090 905 2262 970 inter
2301 921 2412 968 eos
2445 902 3016 983 quiEvangelicae

637 992 1013 1074 disciplinae
1059 994 1356 1059 instituta
1400 1001 1776 1074 sequuntur,
1824 995 2060 1075 quique
2107 991 2252 1057 sub
2300 997 2645 1071 utraque
2693 990 3012 1058 dicuntur.

637 1082 877 1146 Omnes
922 1081 1012 1147 illi
1060 1101 1239 1148 more
1285 1085 1499 1164 prisco
1540 1103 1579 1148 a
1608 1083 1808 1164 Rege,
1855 1082 2166 1162 regnique
2216 1079 2456 1144 Senatu
2505 1095 2581 1143 ac
2625 1079 3018 1160 primoribus

634 1169 841 1249 partis
887 1187 1043 1235 suae
1090 1189 1215 1234 non
1261 1176 1512 1236 tantum
1558 1171 1992 1248 nominantur,
2041 1168 2158 1234 sed
2204 1167 2401 1234 etiam
2449 1165 2904 1232 confirmantur
2942 1187 3020 1234 ac

634 1257 765 1322 suis
811 1256 1241 1324 functionibus
1287 1258 1770 1341 praeficiuntur,
1834 1275 2056 1324 omnes
2099 1255 2266 1338 Regi
2313 1253 2711 1335 Senatuique
2771 1255 3016 1321 obtem-

639 1353 888 1426 perant,
938 1363 1157 1410 omnes
1204 1365 1243 1410 a
1288 1347 1569 1412 consiliis
1614 1347 2063 1427 subselliisque
2095 1344 2370 1427 politicis
2400 1342 2658 1423 penitus
2693 1349 3020 1409 arcentur.

636 1432 827 1499 Nulla
875 1434 1197 1514 Hagecus,
1244 1434 1422 1500 nulla
1469 1435 1749 1514 caeteri,
1817 1434 1924 1515 qui
1990 1433 2384 1500 contrarium
2431 1431 2532 1496 vel
2579 1431 2822 1512 opinati
2869 1437 3022 1498 sunt

636 1520 783 1590 olim
844 1522 943 1587 vel
1004 1525 1349 1603 opinantur
1409 1523 1617 1604 hodie,
1683 1525 2084 1600 documenta,
2150 1520 2379 1601 quibus
2432 1519 2796 1599 opinionem
2841 1537 3022 1585 suam

636 1608 718 1674 de
750 1611 1188 1688 praelatorum
1218 1611 1390 1676 inter
1416 1611 1695 1678 Ordines
1725 1611 2018 1692 politicos
2049 1609 2210 1689 loce,
2257 1625 2475 1674 rerum
2514 1607 2742 1688 peritis
2784 1624 3020 1690 appro-

636 1699 823 1776 bent,
884 1699 1119 1764 idonea
1174 1699 1548 1780 produxisse
1612 1706 1982 1765 cernuntur.
2045 1697 2378 1778 Leguntur
2437 1693 2694 1774 quidem
2749 1695 3024 1761 adhibiti

638 1803 1088 1867 nonnunquam
1133 1787 1330 1853 fuisse
1378 1787 1688 1853 obeundis
1730 1785 2004 1867 publicis
2051 1786 2234 1866 regni
2264 1782 2695 1864 legationibus
2741 1803 2822 1850 ex
2853 1783 3022 1848 anti—

638 1874 897 1939 stitibus
943 1875 1322 1940 disertiores
1368 1875 1521 1954 viri,
1586 1875 1701 1940 sed
1765 1875 1992 1956 stirps,
2056 1880 2129 1939 ut
2177 1872 2540 1954 plurimum,
2602 1889 2717 1936 seu
2759 1870 3022 1955 generis

639 1963 965 2042 splendor,
1012 1981 1137 2028 non
1170 1963 1447 2043 dignitas
1481 1955 1677 2042 (qnae
1711 1962 2013 2043 alioquin,
2061 1980 2140 2026 ex
2176 1957 2625 2025 nonnullorum
2673 1958 3020 2039 sententia,

638 2068 847 2130 neque
895 2051 1182 2117 ordinem
1231 2069 1439 2132 neque
1485 2050 1956 2132 praestantiam
2003 2050 2289 2131 ipsorum
2337 2047 2699 2112 naturalem
2741 2041 3020 2128 minuit),

637 2137 845 2205 locum
890 2138 971 2203 iis
1018 2137 1187 2205 hunc
1232 2139 1630 2205 conciliabat.
1679 2138 1971 2204 Aderant
1999 2144 2306 2216 tanquam
2337 2137 2697 2215 legatorum
2729 2135 3020 2201 referen—

636 2225 835 2306 darii,
908 2233 975 2292 et
1032 2219 1145 2284 ὑπὸ
1194 2222 1645 2304 δεισιδαιμονίας
1691 2244 1848 2292 τινες
1913 2217 2327 2308 (praesertim
2387 2224 2494 2289 ubi
2556 2223 2878 2302 negotium
2936 2221 3022 2290 de

638 2314 1009 2396 privilegiiS,
1071 2315 1381 2396 regnique
1428 2321 1603 2380 statu
1647 2314 1963 2381 communi
2007 2313 2146 2394 fuit,
2209 2329 2374 2392 quae
2421 2309 2698 2392 defendi,
2756 2329 3017 2377 conser-

639 2402 794 2482 vari,
844 2403 1196 2484 augerique
1244 2404 1829 2470 ecclesiasticorum
1877 2420 2082 2482 aeque
2130 2419 2206 2468 ac
2237 2399 2642 2481 politicorum
2673 2393 3018 2478 interfuit),

637 2510 762 2557 non
835 2498 1140 2570 tanquam
1222 2491 1664 2560 universitatis
1749 2489 2048 2573 politicae
2131 2488 2439 2556 membra.
2509 2486 2702 2553 Circa
2771 2487 3018 2569 Regem

638 2582 1013 2659 frequentes
1054 2600 1305 2669 quoque
1336 2599 1478 2646 esse
1512 2584 2002 2658 consueverunt,
2049 2580 2162 2645 sed
2197 2582 2270 2642 ut
2298 2578 2381 2643 de
2411 2577 2679 2658 pietatis
2711 2575 3020 2641 exercitio

638 2670 1010 2747 monitoreS,
1084 2688 1209 2733 non
1277 2675 1348 2735 ut
1413 2668 1655 2750 politici
1723 2686 2049 2749 proceres.
2112 2664 2482 2731 Vocabatur
2547 2670 2896 2744 praeterea
2953 2664 3022 2728 in

642 2756 948 2821 Senatum
1005 2758 1388 2836 quandoque
1436 2755 1978 2838 archiepiscopus,
2039 2758 2106 2821 et
2139 2752 2570 2821 ‚cancellarius
2611 2753 2793 2833 regni
2843 2770 3022 2817 crea·

639 2846 834 2910 batur
877 2846 1283 2926 praepositus
1332 2844 1921 2926 WyssehradensiS,
1979 2843 2092 2909 sed
2139 2860 2260 2907 nec
2303 2858 2579 2922 semper,
2628 2859 2747 2905 nec
2794 2858 3022 2906 neces-

640 2932 833 2999 sario.
884 2932 1001 2997 Ille
1051 2934 1133 2998 ob
1168 2934 1449 2999 muneris
1496 2932 1938 2999 reverentiam
1983 2937 2052 2997 et
2095 2930 2160 2995 iu
2208 2930 2285 2995 iis
2329 2930 2554 2994 saltem
2589 2928 2802 3007 rebuS,
2854 2946 3024 3007 quae

644 3018 773 3086 tam
818 3036 1043 3087 sacras
1089 3039 1196 3087 res
1246 3039 1436 3099 quam
1482 3020 1785 3102 profanas
1821 3019 2336 3097 concernebant3
2385 3017 2491 3082 hic
2539 3035 2616 3083 ex
2663 3015 3023 3098 privilegio,

642 3110 811 3190 quod
850 3108 983 3188 jam
1030 3107 1177 3174 olim
1224 3110 1595 3189 exspiravit,
1644 3127 1852 3188 neque
1899 3108 2209 3173 adversus
2257 3105 2753 3170 vetustissimum
2811 3106 3024 3183 gentis

644 3216 886 3263 morem
932 3195 1091 3276 legis
1136 3198 1261 3261 vim
1310 3196 1553 3262 habere
1600 3196 1711 3262 diu
1741 3198 1966 3275 potuit.
2015 3196 2103 3262 Et
2133 3212 2290 3259 sane
2337 3194 2490 3273 quia
2533 3194 2598 3257 in
2645 3193 2846 3257 sacris
2875 3192 3023 3271 plus

642 3305 831 3366 quam
885 3284 1035 3349 satis
1095 3285 1265 3363 quod
1326 3293 1495 3363 agat,
1560 3285 1759 3350 habet
1817 3284 2140 3361 sacerdOS,
2204 3289 2272 3348 et
2328 3302 2406 3347 ex
2469 3282 2722 3346 homine
2781 3286 3019 3345 natura

643 3374 897 3453 politico
968 3374 1177 3439 factus
1248 3373 1726 3439 consecratione
1789 3378 1890 3437 est
1947 3373 2134 3437 homo
2195 3370 2565 3450 theologus,
2633 3368 3022 3448 aequissima

644 3462 895 3542 Bojemi
941 3467 1193 3526 veteres
1242 3460 1414 3525 ducti
1447 3462 1720 3539 ratione,
1769 3480 1808 3525 a
1851 3459 2142 3541 profanis
2187 3459 2362 3525 illum
2393 3457 2620 3522 studiis
2667 3475 2747 3521 ac
2777 3456 3021 3536 cogita-

644 3551 920 3619 tionibus
965 3556 1281 3614 remotum
1320 3567 1483 3628 esse,
1532 3554 1866 3627 statusque
1913 3548 2186 3630 gradum
2231 3546 2484 3612 nonnisi
2530 3549 2796 3625 propter
2843 3562 3026 3609 aram

653 3647 877 3705 tenere
921 3636 1277 3701 voluerunt.

854 3726 970 3790 111.
1020 3724 1326 3790 Politicus
1358 3732 1573 3791 autem
1610 3743 1723 3789 seu
1756 3725 1958 3790 sacris
2006 3724 2248 3790 solutus
2281 3720 2519 3800 Status,
2570 3727 2831 3786 vocatus
2861 3721 3037 3785 inter

657 3814 953 3893 Bojemos
1001 3812 1199 3885 Ordo,
1261 3818 1330 3878 et
1374 3812 1827 3891 vetustissimo,
1876 3830 1997 3877 nec
2043 3810 2302 3891 Georgii
2348 3810 2522 3890 regis
2565 3827 2724 3874 aevo
2775 3808 3031 3871 demum

654 3902 1020 3968 introducto
1078 3918 1260 3967 more
1316 3900 1547 3981 triplex
1605 3908 1734 3967 est:
1799 3902 2142 3979 Baronum,
2191 3899 2514 3978 Equitum,
2563 3898 2908 3962 civitatum
2960 3888 3030 3973 ¹).

656 3992 1023 4069 Permagna
1053 3996 1151 4053 est
1180 3989 1407 4055 horum
1442 3988 1756 4055 Ordinum
1791 3989 1856 4053 in
1885 4005 2087 4069 regno
2117 3988 2405 4053 libertas.
2457 3985 2714 4051 Etenim
2747 3985 3034 4062 quamvis

656 4081 899 4159 Regem
949 4082 1303 4156 agnoscunt
1350 4078 1673 4142 dominum
1723 4094 2121 4158 supremum,
2193 4076 2382 4155 eique
2431 4080 2498 4139 et
2543 4073 2734 4138 fidem
2783 4089 3034 4135 omnem

654 4174 723 4233 et
767 4166 1195 4231 obedientiam
1243 4162 1677 4245 honoremque
1723 4166 1982 4245 debent,
2029 4164 2301 4244 ideoque
2333 4160 2568 4243 singuli
2611 4180 2686 4225 eo
2719 4178 3031 4241 perquam

656 4254 869 4321 multis
915 4251 1225 4333 gradibus
1270 4260 1421 4317 sunt
1464 4253 1842 4320 inferiores:
1889 4252 2173 4318 universi
2217 4257 2436 4317 tamen
2483 4256 2834 4331 propterea
2863 4249 3031 4328 quod

656 4342 1115 4423 rempublicam
1131 4346 1650 4423 repraesentant,
1674 4343 2000 4422 plerisque
2013 4342 2078 4406 in
2095 4341 2290 4406 rebus
2305 4339 2708 4420 majestatem
2723 4338 3034 4417 quodam-

866 4540 877 4569 ¹
885 4552 908 4604 )
948 4538 1047 4589 ‚lus
1088 4536 1327 4591 Provinc.
1366 4540 1467 4590 art.
1508 4542 1557 4593 9.
