3350 5050
555 465 643 535 78
1495 465 1562 520 V.
1601 463 2001 535 Ophthalmina.

752 600 1114 666 Secundum
1158 600 1626 682 Imperatorem
1682 603 1917 683 injuria
1973 601 2047 667 fit
2089 606 2368 682 quatuor
2411 601 2650 668 modis:

750 687 801 756 1.
837 690 952 767 Re,
999 695 1074 754 ut
1118 689 1369 770 quoties
1401 708 1631 755 manus
1659 691 1850 756 alicui
1882 689 2249 755 inferuntur
2296 699 2363 756 et
2396 707 2629 772 corpus
2660 687 2933 769 alicujus

561 779 834 843 fustibus
867 778 965 842 vel
1010 777 1240 858 pugnis
1271 784 1384 841 aut
1414 778 1792 845 verberibus
1822 777 2119 845 laeditur.
2168 778 2352 844 Haec
2380 779 2630 860 species
2660 777 2931 858 injuriae

564 865 816 932 videtur
861 866 1004 947 plus
1047 867 1374 947 pertinere
1423 865 1504 930 ad
1551 867 1677 931 vim
1723 867 2061 948 privatam,
2107 867 2455 932 secundum
2499 866 2541 931 J
2544 883 2665 930 ura
2710 869 2934 930 nostra

553 945 684 1034 (N.
715 954 818 1018 11.
864 953 951 1018 Ν.
989 954 1091 1020 12.
1127 953 1215 1018 N.
1251 954 1338 1020 15
1383 961 1439 1018 et
1484 946 1678 1042 aeq),
1742 954 1843 1019 vel
1886 954 2235 1020 secundum
2280 954 2398 1018 Jus
2444 955 2801 1020 Romanum
2850 951 2931 1015 ad

555 1041 896 1107 vindictam
945 1047 1284 1121 armatam,
1333 1042 1413 1106 de
1460 1060 1588 1122 qua
1631 1061 1849 1123 supra.

751 1130 836 1197 II.
885 1129 1136 1209 Verbis,
1195 1135 1268 1193 ut
1315 1129 1570 1210 quando
1630 1131 1773 1213 quis
1818 1131 1898 1195 ad
1946 1131 2213 1196 alterius
2258 1131 2688 1211 ignominiam,
2736 1128 2935 1195 verba

555 1217 1012 1283 contumeliosa
1057 1223 1124 1283 et
1169 1216 1436 1294 alicujus
1479 1218 1807 1284 infamiam
1852 1221 2146 1284 notantia
2190 1217 2455 1300 profert,
2511 1217 2930 1284 existimatio-

558 1324 832 1386 nemque
879 1305 1151 1370 aliorum
1197 1305 1414 1372 laedit.
1461 1299 1583 1386 (R.
1627 1309 1687 1371 1.
1736 1306 1821 1372 R.
1867 1307 1929 1371 2.
1982 1307 2057 1384 Q.
2107 1306 2211 1373 13.
2262 1305 2337 1384 Q.
2386 1309 2490 1373 14.
2541 1306 2613 1385 Q.
2651 1306 2759 1372 15.
2800 1305 2930 1371 Jua

555 1395 748 1459 Prov.
815 1394 900 1460 K.
949 1387 1093 1474 19.)
1161 1393 1342 1460 Haec
1409 1395 1685 1461 verbalis
1754 1395 1990 1474 injuria
2046 1402 2114 1460 et
2180 1395 2533 1461 convicium
2600 1415 2639 1460 a
2710 1410 2930 1459 vocum

555 1483 1050 1560 concertatione,
1097 1484 1281 1561 quasi
1325 1483 1695 1548 convocium
1736 1482 1923 1562 juxta
1968 1483 2285 1549 Labeonis
2332 1484 2739 1561 sententiam,
2802 1481 2931 1546 dici

555 1576 788 1650 potest.
853 1571 946 1634 De
992 1571 1151 1635 Jure
1198 1569 1520 1636 Caesareo
1567 1572 1955 1636 contumelia
2012 1573 2267 1637 videtur
2313 1573 2640 1654 pertinere
2704 1570 2788 1634 ad
2831 1570 2930 1634 iu-

548 1659 802 1736 juriam,
863 1676 1026 1738 quae
1086 1675 1186 1738 re,
1241 1658 1461 1723 liberis
1519 1667 1586 1725 et
1633 1666 1815 1740 gestu
1883 1658 2187 1738 infertur3
2249 1661 2600 1725 convicium
2646 1676 2799 1723 vero
2846 1655 2932 1722 ad

553 1747 852 1827 injuriam
899 1745 1243 1811 verbalem.

751 1834 877 1898 Pro
911 1835 1194 1899 convicio
1229 1834 1329 1899 vel
1371 1833 1605 1915 injuria
1637 1834 1882 1900 verbali
1924 1836 2085 1900 haec
2114 1835 2466 1902 habentur:
2516 1834 2609 1900 Ut
2652 1835 2706 1898 si
2740 1851 2929 1912 quem

555 1923 888 2001 latronem,
938 1921 1354 2003 proditorem,
1402 1921 1819 2003 perduellem,
1879 1922 2197 2003 infamem,
2246 1923 2489 2004 pellicis
2534 1921 2753 1999 filium,
2813 1921 2931 1985 fal-

557 2011 820 2089 sarium,
883 2009 1197 2090 spurium,
1257 2011 1494 2091 furem,
1558 2009 1858 2075 feminam
1926 2020 2207 2078 scortum
2272 2012 2598 2075 vocaveris
2655 1999 2771 2088 (Q.
2822 2009 2927 2076 17.

549 2098 676 2163 Jue
722 2097 923 2162 Prov.
971 2098 1056 2162 K.
1106 2089 1252 2176 19.)

753 2184 822 2250 Si
869 2187 1008 2266 quis
1077 2192 1460 2268 provocatus
1524 2186 1724 2252 verba
1780 2186 2091 2266 injuriosa
2134 2187 2310 2267 dicit,
2373 2205 2497 2252 non
2544 2192 2803 2251 tenetur
2850 2185 2931 2250 de

555 2274 766 2357 verbis
835 2273 1177 2353 injuriosis,
1235 2273 1551 2353 siquidem
1608 2273 1813 2355 magis
1858 2274 2134 2356 repellit,
2198 2292 2389 2354 quam
2431 2273 2721 2355 impellit.
2786 2271 2929 2338 Non

555 2362 762 2429 debeo
822 2379 1052 2443 nempe
1113 2361 1205 2426 illi
1261 2379 1527 2428 servare
1573 2362 1900 2444 honorem,
1962 2363 2069 2444 qui
2130 2362 2280 2428 mibi
2326 2363 2708 2443 vituperium
2754 2359 2931 2426 facit.

747 2449 1033 2532 Iniuriae
1101 2449 1380 2516 verbalis
1449 2467 1657 2533 poena
1724 2457 1824 2515 est
1890 2470 2017 2517 non
2074 2450 2302 2516 saltem
2358 2450 2704 2528 revocatio,
2766 2466 2931 2530 quae

555 2539 1047 2607 conviciatorem
1095 2538 1310 2603 reddit
1352 2537 1654 2604 infamem
1693 2529 1816 2617 (Q.
1850 2541 1951 2604 17.
1987 2542 2113 2605 ,Ιαε
2144 2540 2335 2605 Prov.
2374 2539 2459 2603 K.
2494 2538 2599 2603 18.
2601 2530 2662 2620 ),
2712 2554 2931 2602 verum

555 2631 626 2693 et
653 2628 1080 2693 incarceratio
1105 2627 1190 2691 ad
1218 2626 1498 2707 spatium
1539 2626 1813 2692 duarum
1844 2646 1915 2692 se
1962 2630 2345 2694 timanarum
2370 2619 2473 2705 (Q.
2496 2627 2601 2692 19.
2628 2625 2803 2691 Dist.
2826 2614 2933 2705 2.)

551 2732 630 2781 ac
675 2716 1051 2781 damnorum
1097 2714 1332 2780 refusio
1377 2703 1609 2792 (Prov.
1659 2715 1745 2779 K.
1796 2717 1899 2781 19.

749 2803 875 2869 Hic
917 2802 1128 2868 locum
1172 2802 1414 2867 habeut
1457 2808 1679 2869 cartae
1726 2804 1985 2886 incisae,
2034 2821 2201 2883 quae
2244 2820 2361 2885 pro
2404 2801 2789 2867 vindicanda
2832 2801 2927 2866 in-

545 2892 723 2971 juria
767 2891 1125 2971 mittuntur,
1194 2888 1280 2955 ad
1338 2908 1497 2969 quas
1543 2891 1664 2955 nisi
1723 2892 1893 2956 intra
1952 2890 2439 2971 quatuordecim
2504 2890 2643 2954 dies
2700 2889 2931 2969 aliquis

554 2978 968 3146 τεΒρὲὖιῧθαι,
1029 2980 1274 3045 crimen
1320 2978 1584 3044 convicii
1632 2995 1885 3059 quoque
1942 2979 2212 3046 incurrit
2257 2969 2373 3058 (Q.
2410 2979 2518 3045 25.
2560 2976 2687 3042 Jac
2730 2978 2923 3043 Prov.

752 3153 873 3218 Est
931 3158 1000 3219 et
1043 3153 1170 3219 alia
1237 3152 1502 3219 convicii
1547 3170 1666 3217 seu
1727 3154 2009 3221 verbalis
2074 3154 2345 3236 injuriae
2402 3155 2669 3237 specieS‚
2741 3169 2931 3233 quam

555 3260 788 3315 vocare
844 3240 998 3307 licet
1054 3241 1523 3321 contumeliam,
1579 3241 1788 3307 miuus
1849 3248 2151 3323 atrocem,
2214 3249 2290 3309 ut
2345 3244 2400 3309 si
2461 3242 2602 3323 quis
2664 3239 2931 3320 alicujus

553 3329 790 3395 famam
856 3329 1438 3410 qualitercumque,
1521 3335 1793 3410 excepta
1857 3332 2187 3413 superiore
2255 3332 2499 3413 specie,
2582 3328 2929 3408 denigrare

555 3419 829 3497 studeat,
867 3416 1080 3497 veluti,
1130 3416 1185 3481 si
1230 3416 1548 3498 objeceris
1595 3417 1805 3497 alicui,
1840 3418 2009 3499 quod
2052 3436 2208 3485 vera
2252 3438 2377 3485 non
2426 3419 2602 3483 dicat
2645 3422 2757 3481 aut
2799 3432 2928 3480 non

553 3506 814 3591 scribat,
866 3510 1018 3586 quot
1063 3504 1358 3587 indignus
1406 3506 1491 3569 sit
1535 3508 2018 3572 conversatione
2050 3507 2383 3585 bonorum,
2433 3504 2602 3587 quod
2645 3504 2713 3569 in
2756 3504 2926 3569 omni

553 3593 900 3682 fom’illius
931 3594 1404 3658 accusationem
1449 3593 1721 3674 rejicere
1754 3595 1973 3674 possiS,
2010 3595 2180 3675 quod
2227 3595 2443 3675 aliqua
2474 3596 2536 3659 vi
2580 3597 2649 3658 et
2689 3590 2925 3672 injusto

555 3682 738 3748 titulo
783 3680 1128 3764 possideat,
1176 3685 1244 3746 et
1288 3680 1385 3746 his
1430 3681 1681 3747 similia.
1728 3684 2069 3747 Convictus
2114 3684 2323 3749 minus
2355 3682 2591 3747 atrocis
2631 3678 2925 3759 injuriae,

555 3771 900 3835 mulctatur
969 3769 1050 3834 de
1094 3769 1256 3834 ¹lure
1303 3770 1493 3849 Prag.
1551 3768 1628 3834 10
1700 3786 1914 3851 sexag.
1987 3788 2190 3851 grossi.
2266 3775 2333 3836 et
2400 3770 2611 3852 spatio
2680 3772 2928 3847 septem

555 3859 801 3924 dierum
856 3874 1118 3922 carcere
1174 3857 1439 3938 punitur
1495 3847 1614 3938 (R.
1665 3860 1726 3923 5.
1777 3858 1950 3924 Diat.
2001 3852 2101 3941 1.)
2163 3859 2231 3925 Si
2278 3876 2430 3924 vero
2488 3853 2925 3939 pecuniariam

557 3945 854 4010 mulctam
901 3946 1040 4024 quis
1086 3946 1336 4010 solvere
1396 3964 1518 4009 non
1567 3951 1803 4026 potest,
1852 3948 2113 4028 punitur
2166 3964 2429 4013 carcere
2478 3944 2686 4026 spatio
2732 3943 2927 4006 trium

557 4034 866 4099 mensium
923 4023 1044 4111 (R.
1095 4034 1157 4099 5.
1205 4032 1381 4097 Diet.
1427 4023 1552 4112 2.).
1617 4034 1715 4098 De
1773 4032 1931 4099 Jure
1988 4034 2171 4099 Prov.
2218 4034 2531 4115 ejusmodi
2588 4030 2931 4111 injuriosus

555 4121 780 4202 viginti
827 4138 1042 4201 sexag.
1091 4138 1292 4201 grOSS.
1345 4119 1693 4186 mulctatur
1735 4112 1861 4203 (K.
1911 4124 2016 4188 19.
2065 4122 2158 4187 cie
2183 4112 2442 4210 finem).

754 4209 823 4275 Si
892 4210 1033 4288 quis
1100 4213 1438 4273 accusatus
1521 4207 1796 4286 injuriae
1880 4211 2194 4289 verbalis,
2264 4206 2638 4291 excipiendo
2706 4212 2933 4271 contra

555 4303 861 4379 actorem,
911 4296 1148 4363 dixerit
1190 4315 1259 4361 se
1305 4296 1524 4363 calore
1569 4298 1707 4361 irae
1753 4303 1867 4363 aut
1910 4316 2029 4379 per
2094 4298 2479 4364 ebrietatem
2524 4298 2587 4361 in
2632 4294 2929 4375 injuriam

557 4387 926 4468 prolapsum
960 4402 1123 4465 esse,
1157 4384 1470 4464 ejusmodi
1499 4384 1769 4450 arbitrio
1802 4386 2089 4467 judicum
2119 4386 2406 4468 punitur,
2436 4400 2685 4466 poenae
2716 4388 2933 4447 tamen

555 4475 982 4541 revocationis
1027 4490 1155 4539 non
1201 4474 1495 4554 subjacet
1539 4463 1656 4552 (Q.
1704 4468 1852 4555 22.)
