3350 5050
1083 493 1416 562 Respublica
1454 496 1701 565 Bojema.
1740 494 1873 561 Cap.
1908 492 2051 548 XlV.
2646 495 2773 565 253

383 632 600 699 oribus
647 630 1013 713 alligantur,
1076 636 1209 695 tum
1257 628 1522 709 majoris
1565 629 1871 697 momenti
1929 631 1997 695 in
2038 630 2233 696 rebus
2285 636 2643 707 versantur,
2706 635 2773 696 et

383 722 662 801 quotidie
708 720 847 786 fere
891 721 959 785 in
1007 720 1236 800 quibus
1285 719 1550 797 vigilent
1581 724 2159 798 exerceanturque,
2205 718 2449 784 babere
2482 728 2766 800 possunt.

385 810 485 874 Ea
517 816 785 891 propter
817 809 1069 890 quoties
1097 808 1428 889 contingit,
1476 812 1546 872 ut
1578 814 1764 872 vacet
1792 824 1871 872 ex
1918 808 1997 871 iis
2030 806 2245 885 ullum,
2296 807 2509 888 ltegiS,
2559 808 2773 890 patrio

388 899 468 962 de
513 916 712 976 more,
761 902 864 963 est
908 896 1275 978 providere,
1325 914 1404 961 ne
1448 896 1703 974 longior
1750 913 1939 975 quam
1988 902 2321 959 menstrua
2373 896 2455 959 sit
2503 896 2773 961 vacatio.

384 984 528 1051 Non
583 986 766 1067 prius
819 1003 1047 1051 munus
1106 984 1310 1063 maJus
1371 984 1726 1064 quisquam,
1802 983 1921 1047 nisi
1998 984 2200 1047 minus
2270 986 2631 1065 susceperit
2698 1002 2774 1049 ac

385 1080 674 1156 tempore
743 1074 1072 1153 aliquanto
1139 1072 1448 1150 obiverit,
1519 1090 1753 1149 gerere
1824 1076 2053 1152 potest.
2124 1070 2337 1136 Semel
2397 1072 2516 1137 boc
2584 1074 2773 1138 alicui

389 1162 708 1242 collatum,
755 1161 1004 1227 nonnisi
1046 1160 1508 1241 urgentissimis
1542 1158 2065 1239 gravissimisque
2100 1159 2179 1223 de
2212 1161 2425 1224 causis
2458 1158 2773 1225 aufertur.

387 1250 647 1316 Ambire
693 1258 909 1315 tamen
956 1249 1038 1315 ab
1083 1250 1262 1328 Rege
1311 1249 1506 1315 ullum
1554 1248 1673 1312 hoc
1718 1246 1978 1312 honoris
2024 1264 2271 1322 munuS,
2334 1249 2613 1329 capitale
2676 1256 2777 1314 est

389 1344 458 1403 et
501 1338 786 1404 infamat.
833 1338 922 1403 Et
970 1338 1288 1418 quoniam,
1336 1338 1444 1417 qui
1487 1336 1568 1399 iis
1613 1336 1982 1416 funguntur,
2042 1334 2203 1415 Regi
2250 1345 2469 1401 nostro
2514 1339 2579 1401 in
2626 1356 2775 1402 con-

390 1428 785 1492 cernentium
833 1433 1032 1491 totam
1071 1426 1530 1506 rempublicam
1569 1425 1967 1502 negotiorum
2000 1424 2455 1504 procuratione
2486 1426 2777 1505 inprimis

389 1514 642 1594 adsunt,
693 1515 989 1595 quicquid
1025 1516 1088 1579 in
1122 1514 1589 1595 promovendis,
1637 1532 1780 1577 cum
1828 1512 2049 1594 populi
2096 1514 2373 1578 universi
2412 1520 2547 1577 tum
2578 1532 2775 1579 mem·

389 1603 649 1668 brorum
671 1603 1061 1681 singulorum
1089 1602 1432 1667 commodis
1455 1621 1530 1667 ex
1548 1599 1757 1666 officio
1775 1600 2033 1679 faciunt,
2062 1600 2255 1681 Regis
2283 1619 2359 1666 ac
2382 1602 2777 1683 reipublicae

391 1690 784 1756 authoritate
827 1689 1089 1755 faciunt.
1137 1688 1370 1754 Manus
1415 1691 1458 1754 ii
1504 1708 1545 1754 a
1590 1684 1927 1766 ὃωροφατία
1986 1690 2151 1752 omni
2198 1708 2387 1770 quam
2446 1692 2775 1756 continen-

385 1780 664 1844 tissimas
694 1779 938 1843 habere
960 1777 1306 1857 jubentur;
1349 1786 1606 1843 sanctus
1637 1778 1835 1842 etiam
1866 1776 2329 1857 quodammodo
2362 1785 2463 1843 est
2495 1777 2776 1858 ipsorum

393 1868 570 1932 locus
613 1867 946 1945 laborque.
998 1866 1316 1932 vendicat
1362 1872 1575 1931 autem
1639 1883 1757 1946 pro
1801 1866 1932 1930 suis
1980 1864 2131 1944 J'ure
2176 1866 2301 1930 sibi
2362 1884 2476 1931 suo
2522 1884 2601 1931 ex
2659 1866 2777 1945 his,

389 1954 706 2035 quaedam
756 1954 1046 2032 Regnum
1107 1972 1184 2019 ac
1231 1954 1596 2035 respublica
1641 1954 2014 2034 praecipue,
2074 1954 2389 2033 quaedam
2438 1972 2591 2020 vero
2641 1954 2777 2019 Rex

391 2042 806 2123 magistratus
848 2060 1204 2124 supremus.
1279 2041 1519 2105 l'rioris
1567 2042 1825 2121 generis
1882 2049 2030 2107 sunt
2086 2041 2375 2122 inprimis
2419 2040 2551 2117 illa,
2614 2060 2779 2119 quae

392 2130 848 2195 terrestria
911 2138 1238 2207 vocantur,
1309 2127 1604 2210 quaeque
1665 2132 1773 2209 qui
1834 2138 2065 2210 gerunt
2112 2128 2445 2213 Ncy‘wyslsi‘i
2486 2130 2782 2195 vif-editici

390 2218 633 2300 zemslti,
680 2220 1042 2298 optimateS,
1091 2217 1316 2300 ephori
1361 2222 1430 2282 et
1474 2219 1793 2299 primores
1826 2216 2031 2295 Regni
2080 2217 2428 2294 habeutur;
2478 2219 2631 2283 item
2678 2238 2778 2297 ea,

389 2323 556 2387 quae
595 2306 728 2385 juri
775 2305 1072 2384 dicundo,
1119 2304 1558 2371 custodiendis
1604 2305 2003 2385 reipublicae
2050 2299 2401 2381 κειμηλίοις,
2450 2307 2776 2371 curandae

396 2397 706 2476 pecuniae
752 2394 816 2458 in
865 2412 1016 2459 usus
1061 2393 1349 2474 publicos
1393 2393 1763 2471 collocatae,
1820 2400 1889 2457 et
1933 2394 2209 2458 tuendae
2270 2396 2334 2459 in
2384 2393 2779 2459 districtibus

393 2484 746 2548 incolarum
791 2482 1264 2563 tranquillitati,
1313 2485 1464 2547 sunt
1511 2482 1889 2562 excogitata.

593 2571 706 2636 111.
759 2573 1102 2637 Terrestre
1151 2588 1379 2635 munus
1425 2589 1795 2652 supremum
1844 2577 1943 2636 est
1980 2571 2498 2650 Burggraviatus‚
2548 2571 2781 2636 Curiae

403 2660 834 2738 magisterium
883 2678 999 2724 seu
1032 2660 1340 2741 praetorii
1373 2658 1848 2740 praefecturae,
1906 2657 2419 2736 Mai-escallatus,
2476 2661 2779 2724 Gamera-

399 2748 632 2821 riatus,
681 2747 1025 2827 Praetura,
1075 2747 1602 2825 Cancellariatus,
1673 2764 1841 2826 quae
1904 2764 2093 2809 nemo
2156 2747 2277 2811 nisi
2346 2748 2509 2812 Baro
2572 2755 2784 2827 potest

394 2835 615 2915 obire3
669 2838 1227 2901 l’rotonotariatus
1277 2841 1344 2900 et
1377 2835 2049 2902 Sub-CamerariatuS.
2098 2852 2265 2914 quae
2300 2835 2601 2915 Equestri
2641 2834 2780 2901 fere

401 2922 632 2988 ordini
679 2925 822 3005 lege
867 2924 1176 3004 jubentur
1223 2924 1387 2988 dari.
1453 2923 1552 2986 Ex
1611 2923 1711 2986 his
1771 2924 1999 3004 primo,
2063 2923 2361 2997 secunde,
2424 2929 2655 3003 quarto
2716 2931 2781 2990 et

398 3013 690 3090 septime,
755 3012 1002 3078 addixit
1061 3017 1344 3078 vetustas
1409 3010 1825 3092 proventibus
1871 3012 2114 3090 optima
2162 3013 2433 3092 praedia
2480 3011 2785 3076 nonnulla

403 3107 470 3164 et
517 3116 742 3177 agrum
792 3099 964 3165 haud
1011 3100 1560 3186 contemnendum.

599 3188 1254 3267 Burggraviatus
1301 3188 1761 3266 Pragensis
1812 3186 2276 3267 SupremuS,
2325 3189 2599 3252 tenendo
2644 3188 2783 3251 fere

404 3293 604 3356 opera
650 3278 892 3342 vicaria
935 3277 1070 3340 sive
1118 3275 1402 3340 absentis
1449 3277 1584 3340 sive
1631 3281 1836 3340 morte
1888 3273 2121 3340 sublati
2166 3275 2361 3356 Regis
2410 3276 2564 3347 loco,
2638 3294 2783 3356 pro-

403 3362 702 3428 hibendis
746 3365 1104 3445 repentinis
1149 3361 1424 3428 hostium
1457 3363 1520 3426 in
1569 3380 1841 3440 regnum
1890 3363 2375 3444 irruptionibus,
2422 3365 2785 3443 tranquilli-

403 3454 682 3531 tatisque
739 3452 1036 3532 publicae
1094 3450 1591 3525 turbationibus,
1653 3452 2027 3516 coercendis
2080 3451 2247 3530 juris
2311 3452 2784 3516 contumacibus

403 3541 1162 3619 praevaricatoribusque
1211 3534 1292 3617 ¹);
1365 3538 1825 3616 cognoscendis
1882 3540 2311 3618 regundorum
2376 3539 2619 3614 linium,
2686 3540 2784 3604 vel

404 3627 569 3691 natis
615 3644 694 3691 ex
735 3627 1068 3692 literarum
1102 3626 1496 3705 obligatione
1531 3627 2003 3704 controversiis,
2052 3634 2152 3691 est
2180 3629 2530 3692 ordinatus.
2582 3628 2783 3691 Exer-

406 3715 568 3780 citus
616 3717 948 3780 terrestris
996 3715 1430 3796 praefectura,
1479 3715 1833 3778 secundum
1866 3714 2105 3793 Regem
2154 3731 2475 3795 suprema,
2525 3715 2606 3779 de
2639 3715 2786 3795 jure

403 3805 462 3866 ei
535 3805 836 3884 competit
903 3821 1159 3885 semper
1207 3794 1278 3876 ²).
1356 3803 1745 3883 Dependent
1816 3803 1897 3866 ab
1968 3803 2085 3868 boc
2140 3820 2412 3867 munere
2488 3821 2787 3884 supremo

403 3896 535 3956 tum
569 3891 1138 3971 Burggravius
1171 3892 1388 3955 arcis
1425 3891 1896 3970 l'rageusis,
1946 3909 2133 3970 quem
2175 3892 2483 3956 minorem
2530 3897 2785 3968 vocant,

406 3996 546 4043 cum
592 3997 706 4044 suo
754 3978 1016 4045 consilio
1075 3987 1140 4044 et
1185 3978 1428 4044 consilii
1473 3979 1783 4043 ministris
1830 3978 2225 4059 quibusque:
2288 3986 2423 4044 tum
2470 3979 2784 4060 Holomei,

405 4066 465 4130 h.
515 4085 572 4132 e.
622 4067 879 4133 lictores
925 4069 1058 4132 sive
1107 4068 1359 4130 accensi
1408 4083 1632 4130 omnes
1654 4060 1727 4138 ³).

601 4155 948 4221 Curiae
1021 4173 1174 4222 vero
1249 4155 1385 4218 sive
1457 4154 1682 4234 palatii
1750 4153 2781 4234 Archi-Magisterium

403 4243 741 4322 dirigendo
788 4245 987 4325 regio,
1056 4243 1226 4324 quod
1273 4241 1612 4307 Camerale
1660 4242 1915 4322 dicitur,
1985 4243 2237 4322 iudici0,
2304 4243 2611 4307 ornandis
2668 4261 2783 4324 pro

609 4451 654 4515 1)
703 4449 804 4502 Jus
845 4447 1086 4504 Provinc.
1127 4450 1192 4504 A.
1237 4453 1282 4516 1,
1320 4452 1408 4518 36,
1446 4451 1530 4508 37.
1573 4451 1634 4503 ι).
1675 4451 1766 4505 49.
1802 4433 1865 4502 ’0.
1910 4451 1988 4505 19.
2030 4453 2087 4498 ot
2123 4450 2208 4504 22.
2288 4447 2334 4514 ε)
2391 4447 2581 4500 comit.
2638 4453 2785 4507 1615.

405 4519 457 4588 ³)
499 4519 761 4577 victorin.
799 4519 868 4574 de
905 4517 1166 4591 wsehrd,
1201 4517 1296 4576 lib.
1335 4523 1384 4577 2.
