3350 5050
1360 552 1468 613 Tit.
1497 553 1622 612 VII.
1661 561 1718 612 et
1751 553 1904 612 vm.
2712 555 2793 626 19

613 691 719 756 De
779 692 820 756 J
823 711 938 759 ure
984 692 1364 760 Provinciali
1427 691 1838 774 procuratori
1908 709 2025 773 pro
2098 695 2347 760 actione
2416 694 2790 773 injuriarum

414 781 803 863 persolvitur
861 801 987 846 una
1054 801 1185 848 sex.
1246 801 1340 862 gr.
1401 786 1469 846 et
1523 798 1642 863 pro
1703 779 1953 844 actione
2014 781 2343 848 servitutis
2409 782 2793 846 interdictae

415 868 678 934 dimidia
723 887 834 935 sex
879 889 974 951 gr.
1023 871 1196 935 dicta
1242 871 1331 936 lit.
1399 869 1467 935 U.
1520 859 1622 951 4.)

612 957 734 1022 Hic
781 977 1034 1038 quoque
1078 959 1425 1024 notandum
1472 964 1572 1022 est
1615 955 1893 1020 edictum
1942 958 2263 1039 praetoris
2308 959 2617 1023 adversus
2662 976 2795 1036 θοε,

417 1045 524 1126 qui
557 1052 685 1128 'pro
735 1047 876 1110 aliis
923 1047 1256 1128 postulare
1312 1045 1749 1127 prohibentur.
1816 1045 1998 1122 Quod
2056 1045 2334 1110 edictum
2396 1065 2435 1110 a
2492 1051 2796 1128 praetore

417 1135 797 1216 proponitur
820 1135 1159 1200 habendae
1183 1135 1453 1199 rationis
1475 1151 1759 1210 suaeque
1787 1133 2117 1214 dignitatis
2146 1135 2423 1198 tuendae
2447 1142 2515 1198 et
2548 1135 2798 1198 decoris

419 1223 518 1286 sui
577 1241 804 1302 causa,
869 1241 948 1288 ne
1011 1225 1147 1288 sine
1207 1223 1460 1287 delectu
1517 1220 1755 1304 passim
1814 1222 1987 1302 apud
2048 1239 2117 1285 se
2185 1223 2639 1304 postularetur.
2710 1223 2798 1286 Et

419 1310 656 1391 excipit
683 1311 744 1375 in
778 1329 855 1376 eo
887 1329 1106 1375 sexum
1140 1317 1334 1390 atque
1368 1328 1620 1375 casum:
1670 1306 1923 1390 Sexum,
1968 1309 2113 1374 dum
2148 1311 2455 1374 foeminas
2502 1309 2801 1391 prohibet

418 1415 536 1478 pro
585 1399 727 1464 aliis
758 1400 1116 1480 postulare3
1151 1404 1218 1463 et
1247 1405 1348 1464 est
1372 1398 1544 1463 ratio
1575 1397 1977 1479 prohibendi,
2026 1417 2106 1462 ne
2153 1403 2379 1463 contra
2426 1398 2797 1478 pudicitiam

419 1487 599 1550 sexui
643 1494 1119 1568 congruentem,
1170 1487 1397 1552 alienis
1439 1488 1649 1552 causis
1694 1505 1762 1550 se
1806 1486 2227 1566 immisceant,
2276 1495 2343 1551 et
2388 1505 2467 1549 ne
2518 1486 2802 1550 virilibus

421 1573 646 1638 officiis
677 1575 1021 1656 fungantur
1056 1576 1386 1654 mulieres;
1436 1569 1645 1654 (origo
1682 1591 1832 1638 vero
1864 1573 2235 1638 introducta
2264 1582 2364 1639 est
2409 1589 2447 1636 a
2478 1574 2798 1650 Carfania,

423 1663 531 1726 alii
557 1663 930 1743 Alphurnia‚
970 1663 1446 1744 improbissima
1475 1662 1774 1741 foemina,
1808 1680 1973 1741 quae
1998 1662 2433 1728 inverecunde
2473 1662 2804 1743 postulans

423 1754 492 1814 et
547 1752 992 1830 magistratum
1053 1751 1434 1831 inquietam,
1492 1768 1749 1816 causam
1808 1750 1986 1814 dedit
2031 1746 2291 1830 edicto).
2353 1749 2606 1830 Casum,
2656 1751 2801 1813 dum

427 1855 708 1919 coecum,
758 1839 1046 1918 utrisque
1093 1839 1433 1904 luminibus
1465 1840 1783 1917 orbatum,
1829 1844 1897 1901 et
1924 1837 2084 1902 alios
2131 1831 2241 1914 (de
2278 1839 2506 1916 quibus
2552 1840 2615 1902 in
2662 1837 2805 1918 lege

429 1925 738 2006 allegata)
786 1936 1053 2008 praetor
1099 1926 1370 2008 repellit.

623 2045 802 2097 Causa
819 2043 1056 2097 efficiens
1080 2049 1486 2110 procuratorem
1503 2049 1587 2097 est
1609 2042 1923 2112 principalis
1941 2058 2191 2110 persona,
2212 2057 2349 2111 quae
2371 2059 2490 2096 eum
2512 2042 2807 2096 constituit.

626 2115 936 2182 Subjectum
975 2121 1058 2168 est
1093 2114 1408 2168 mandatum
1443 2116 1875 2182 procuratorium
1915 2122 1969 2166 et
2002 2113 2263 2182 obligatio
2318 2115 2371 2167 in
2423 2129 2487 2166 eo
2535 2121 2809 2168 contenta.

634 2187 916 2253 Objectum
953 2195 1038 2240 est
1073 2203 1158 2240 res
1197 2187 1308 2240 sive
1347 2202 1593 2254 persona,
1631 2187 1688 2238 in
1716 2186 1925 2253 Judicio
1964 2184 2316 2241 defendenda.

627 2259 826 2313 Forma
865 2265 964 2326 est,
1003 2265 1066 2312 ut
1101 2257 1172 2312 ad
1212 2258 1420 2310 lucrum
1459 2265 1512 2310 et
1551 2259 1805 2312 damnum
1843 2257 2014 2326 partis
2053 2259 2415 2311 constituatur
2472 2255 2562 2322 (Β.
2601 2261 2685 2314 35.
2712 2257 2813 2310 Jus

431 2331 590 2384 Prov.
631 2332 690 2384 C.
719 2331 835 2397 48).

625 2401 775 2454 Finis
813 2406 911 2466 est,
959 2405 1020 2451 ut
1057 2415 1152 2466 per
1203 2409 1610 2468 procuratorem
1650 2400 2029 2454 constituentis
2079 2407 2262 2467 partes
2300 2415 2409 2453 non
2448 2401 2624 2454 minus
2664 2417 2727 2454 ac
2766 2402 2813 2454 si

435 2474 552 2543 ipse
591 2472 826 2541 adesset,
865 2471 1154 2539 injudicio
1196 2471 1571 2528 defendantur.

871 2593 894 2663 s
1551 2592 1682 2646 facti
1746 2592 1973 2662 species,
2024 2596 2085 2643 ut
2136 2589 2202 2643 de
2252 2588 2397 2643 facto
2454 2607 2652 2645 causae
2709 2593 2811 2645 sibi

1409 2666 1547 2717 bene
1585 2670 1811 2719 constet.
1855 2663 2028 2729 Saepe
2058 2662 2196 2714 enim
2222 2661 2325 2713 levi
2363 2663 2661 2715 variatione
2687 2662 2813 2717 facti

1128 2772 1138 2783 ·
1171 2772 1181 2782 -
1412 2742 1586 2790 totum
1614 2735 1708 2801 jus
1748 2735 1943 2787 mutari
1984 2739 2180 2801 potest.

981 2778 1289 2854 mgna-¹⁰⁰8
1559 2824 1683 2859 num
1711 2806 1879 2859 cliens
1902 2805 1967 2857 (le
2006 2804 2287 2871 probando
2312 2803 2457 2857 facto
2482 2802 2809 2857 sufficientes

917 2858 1348 2967 causa-'gflnglua
1417 2879 1767 2947 probationes
1846 2877 2064 2929 habeat.
2148 2874 2345 2929 Parum
2402 2875 2541 2927 enim
2598 2874 2818 2942 expedit

934 2930 1088 2969 mum
1126 2930 1220 3037 Εἶθ’
1247 2931 1328 2981 ¹¹¹3
1419 2952 1619 3003 habere
1649 2950 1759 3017 jue,
1800 2948 1925 3001 dum
1967 2946 2149 3000 deficit
2184 2947 2433 3014 probatio
2463 2946 2620 3012 juris·

1087 3002 1157 3038 ³⁴¹¹
1563 3029 1624 3075 ut
1660 3038 1782 3073 cum
1822 3019 2169 3087 peritioribus
2217 3019 2284 3071 de
2335 3034 2502 3071 eausa
2540 3016 2807 3071 consulat.

533 3130 783 3185 Officium
1423 3094 1580 3162 Quod
1617 3094 1758 3147 enim
1804 3108 1837 3144 a
1874 3090 2120 3157 pluribus
2172 3090 2465 3157 quaeritur,
2502 3088 2557 3141 id
2600 3088 2813 3142 facilius

441 3201 692 3257 advocati
729 3218 854 3254 con·
1423 3172 1713 3219 mmmm*

540 3280 686 3327 S¹St¹t
721 3289 777 3324 ¹¹¹
1567 3324 1636 3361 ne
1703 3306 1833 3375 quid
1898 3303 2296 3359 inconsiderate
2365 3302 2640 3369 proferat,
2718 3318 2823 3369 quo

1427 3379 1771 3434 adversarius
1806 3379 2046 3445 juvetur.

981 3453 1304 3506 tractatione
1569 3466 1639 3503 ne
1728 3449 2051 3517 vituperium
2126 3447 2309 3515 potius
2379 3462 2541 3513 quam
2609 3444 2825 3499 laudem

931 3540 1148 3593 causae,
1175 3525 1230 3577 in
1252 3542 1362 3593 qua
1413 3528 1719 3576 mereatur.

955 3604 1146 3649 caveat
1172 3595 1336 3649 advo·
1571 3610 1638 3647 ne
1690 3592 1893 3661 aliquid
1936 3607 2067 3643 suae
2099 3605 2297 3643 causae
2336 3588 2665 3641 contrarium
2692 3584 2823 3639 alle-

1066 3673 1238 3735 catus,
1430 3672 1537 3734 get.
1591 3665 1746 3733 Quod
1798 3665 1939 3717 enim
1992 3664 2120 3715 vitio
2172 3660 2422 3715 advocati
2460 3666 2513 3711 et
2551 3675 2657 3711 non
2697 3658 2823 3711 vitio

1430 3754 1629 3791 causae
1685 3737 1919 3803 obvenit,
1990 3750 2086 3801 pro
2145 3750 2207 3785 eo
2264 3731 2560 3785 advocatus
2615 3735 2832 3783 tenetur

1433 3809 1521 3877 (B.
1562 3814 1648 3875 31,
1688 3813 1774 3866 34.
1812 3808 1913 3861 Jus
1954 3805 2109 3860 Prov.
2156 3803 2220 3858 U.
2260 3804 2336 3869 7.)

590 4065 715 4137 De
767 4062 1232 4137 dilationibus
1281 4086 1400 4133 seu
1450 4056 1799 4139 induciis,
1857 4055 1954 4129 ad
2003 4052 2544 4127 deliberandum
2604 4052 2710 4123 vel

1057 4158 1519 4257 probandum
1559 4155 1895 4255 partibus
1944 4152 2225 4227 dandis.

1381 4336 1702 4401 Titulus
1748 4334 1923 4399 VIII.

655 4473 820 4552 Quia
863 4472 1077 4539 libello
1135 4474 1399 4551 recepto
1464 4470 1654 4533 datur
1715 4467 1937 4531 dilatio
1997 4465 2079 4529 ad
2125 4462 2631 4541 deliberandum,
2690 4461 2837 4526 ideo

455 4569 632 4629 recte
677 4564 825 4629 hinc
871 4561 952 4626 de
997 4559 1408 4625 dilationibus
1455 4555 1797 4623 videndum
1844 4558 1968 4619 est.

2363 4648 2459 4717 2.
