3350 5050
1153 545 1491 615 Respublica
1526 545 1772 614 Bojema.
1809 545 1942 615 Cap.
1981 545 2132 606 XVI.
2708 503 2858 619 267,

450 684 710 767 publico
768 684 1205 763 emendandiS,
1262 682 1679 762 illustrandiS,
1736 683 2152 765 explicandis,
2199 684 2717 768 multiplicandis,
2765 692 2836 750 ut

452 773 651 856 prior,
716 773 809 838 ita
862 790 985 838 nec
1042 777 1268 839 nostra
1326 770 1489 836 haec
1544 773 1868 852 posterior
1929 776 2132 852 aetas,
2201 775 2363 839 viam
2421 773 2542 839 sibi
2602 772 2834 852 claudi,

458 861 562 926 vel
608 860 825 942 segnis
870 879 947 927 ac
992 861 1295 942 imperita
1342 859 1547 924 videri
1596 861 1812 924 voluit.
1861 859 2042 924 Idem
2089 861 2387 927 videlicet
2433 860 2601 941 quod
2634 862 2836 942 patri-

456 951 577 1016 bus
624 949 821 1029 licuit,
866 949 1015 1015 filiis
1063 951 1259 1014 licere
1306 964 1557 1026 quoque
1605 948 2034 1014 existimabat.
2083 948 2386 1016 Libertas
2417 948 2578 1014 haec
2609 949 2838 1030 patriis

454 1038 742 1102 moribus
779 1039 1067 1117 subnixa,
1114 1054 1237 1100 nec
1268 1035 1614 1100 wladislao
1644 1035 1810 1117 Regi
1849 1035 2172 1117 displicuit
2202 1039 2368 1118 elim,
2419 1037 2526 1116 qui
2559 1036 2839 1102 Ordines

452 1125 768 1205 BojemoS,
833 1126 984 1206 quia
1040 1125 1231 1190 liberi
1284 1123 1433 1204 sint,
1494 1124 1559 1188 in
1606 1125 1781 1204 leges
1828 1142 1998 1205 suaS,
2061 1125 2230 1203 quod
2277 1125 2530 1208 publice
2575 1125 2834 1206 placuit,

452 1213 802 1292 referendi,
850 1213 1021 1294 quod
1062 1212 1406 1293 displicuit,
1456 1211 1837 1300 antiquandi
1869 1210 2120 1278 habere·
2143 1231 2401 1296 semper
2429 1219 2838 1295 potestatem,

454 1302 691 1368 alicubi
745 1294 795 1380 ¹)
855 1306 957 1367 est
993 1299 1237 1380 judicio
1283 1305 1533 1366 maturo
1580 1305 1872 1365 testatus
1931 1301 2020 1365 At
2065 1301 2216 1380 quia
2259 1303 2514 1366 inutiles
2557 1301 2834 1381 alioquin

456 1407 575 1455 nec
619 1390 748 1454 vim
795 1389 987 1454 ullam
1032 1389 1374 1453 habiturae
1420 1387 1694 1452 fuissent
1734 1387 1855 1453 hae
1903 1387 2098 1470 leges,
2155 1391 2278 1455 nisi
2337 1389 2658 1454 ministros
2711 1389 2834 1454 illis

453 1485 524 1544 et
578 1478 971 1559 interpretes
1034 1477 1217 1542 datos
1279 1494 1356 1541 ac
1410 1481 1631 1541 erecta
1683 1475 1816 1556 juri
1873 1495 2015 1542 cum
2063 1477 2459 1543 authoritate
2502 1477 2832 1543 reddendo

455 1566 803 1632 tribunalia
845 1565 1284 1644 intelligerent
1328 1569 1840 1645 reverenturque
1885 1565 2192 1646 homines,
2241 1567 2454 1646 pravis
2500 1565 2832 1630 affectibus

454 1655 585 1720 suis
642 1671 830 1734 quam
892 1653 1137 1735 legibus
1198 1653 1758 1732 obsequentiores:
1817 1669 1898 1716 ea
1953 1658 2222 1734 propter
2276 1671 2606 1719 occursum
2664 1652 2830 1717 malo

454 1743 563 1808 isti
606 1744 673 1808 in
703 1741 996 1822 Bojemia
1041 1745 1140 1807 est
1183 1742 1558 1820 prudenter,
1610 1741 2150 1822 magistratusque
2199 1748 2266 1806 et
2306 1740 2550 1821 judicia
2589 1742 2832 1806 unicui—

456 1849 577 1912 que
634 1830 897 1910 negotio
952 1847 1089 1909 sua,
1148 1828 1451 1910 religioso
1494 1828 1800 1894 videlicet
1843 1830 2169 1910 religiosa,
2229 1828 2496 1912 profano
2543 1828 2833 1909 profana,

451 1923 599 1984 sunt
642 1919 1009 1984 constituta.

646 2028 731 2094 11.
778 2028 877 2094 De
908 2027 1242 2110 religiosis,
1281 2045 1445 2107 quae
1478 2045 1635 2110 opus
1670 2027 2070 2107 videbantur,
2112 2026 2384 2093 diximus
2408 2027 2545 2108 jam
2577 2033 2726 2094 ante
2750 2019 2826 2106 ²).

452 2116 733 2184 Profana
776 2134 893 2183 seu
935 2116 1217 2199 politica,
1276 2116 1569 2181 similiter
1613 2122 1686 2180 ut
1730 2134 1998 2181 munera
2041 2116 2320 2198 publica,
2382 2116 2830 2196 distinguimus

450 2207 637 2286 vulgo
684 2205 748 2270 in
795 2205 1130 2286 superiora
1176 2210 1243 2269 et
1288 2203 1615 2270 inferiora.
1666 2203 2020 2285 Superiora
2069 2223 2382 2285 vocamuS,
2431 2222 2648 2269 coram
2691 2205 2827 2284 qui·

454 2294 573 2359 bus
618 2293 911 2374 inprimis
956 2292 1275 2372 nobilitaS,
1334 2291 1663 2370 inferiora,
1728 2310 1944 2358 coram
2003 2292 2232 2373 quibus
2291 2293 2463 2358 cives
2521 2290 2830 2373 plebsque

454 2382 821 2463 promiscua
856 2381 1249 2447 convenitur.
1270 2383 1277 2390 '
1302 2382 1595 2462 Utraque
1628 2398 1706 2443 ex
1729 2381 1878 2462 jure
1910 2381 2120 2461 gentis
2150 2382 2382 2462 patrio,
2430 2375 2543 2444 illa
2573 2379 2830 2459 quidem

452 2468 843 2553 provinciali,
907 2469 1069 2535 haec
1126 2487 1278 2535 vero
1339 2468 1712 2551 municipali
1769 2470 1850 2534 de
1912 2469 2120 2535 causis
2169 2467 2496 2550 judicant3
2557 2479 2830 2549 utraque

453 2558 737 2626 moribus
811 2558 1039 2639 priscis
1107 2558 1539 2641 approbatum
1606 2558 1895 2624 ordinem
1964 2575 2459 2639 processumque
2529 2562 2824 2635 servant;

452 2652 725 2727 utraque
790 2646 1117 2713 habentur
1182 2647 1353 2729 apud
1423 2664 1641 2711 omnes
1701 2663 2012 2727 perquam
2059 2646 2481 2726 venerabilia;
2553 2650 2825 2724 utraque

452 2741 601 2800 sunt
643 2734 747 2799 vel
790 2735 1119 2799 ordinaria
1161 2736 1266 2801 vel
1309 2734 1846 2814 extraordinaria,
1914 2735 2354 2815 dignitateque
2415 2738 2483 2798 et
2538 2733 2822 2799 authori-

453 2830 587 2888 tate
647 2823 776 2887 alia
835 2822 975 2887 aliis
1035 2823 1473 2888 eminentiora.
1540 2821 1866 2888 Sermonis
1921 2822 2082 2889 alius
2132 2828 2591 2903 praeterquam
2637 2820 2822 2901 BoJe-

450 2912 596 2976 mici
638 2928 811 2991 usna,
874 2912 1127 2991 legibus
1180 2912 1247 2977 in
1305 2912 1383 2976 iis
1437 2911 1693 2993 penitus
1753 2918 1854 2977 est
1912 2912 2146 2976 vetitus
2193 2904 2266 2989 ⁸).
2341 2910 2658 2987 Testibus,
2717 2910 2824 2991 qui

449 3000 703 3079 generis
750 2997 1093 3079 splendore
1134 3005 1458 3065 antestant
1504 2999 1603 3065 vel
1649 2998 1928 3080 alioquin
1973 3001 2105 3065 suis
2149 2998 2430 3065 familiae
2474 2997 2828 3079 insignibus

448 3088 747 3169 gaudent,
807 3087 875 3150 in
935 3088 1146 3153 causis
1206 3088 1273 3153 in
1330 3088 1559 3169 quibus
1617 3105 1742 3152 non
1788 3088 1868 3152 de
1917 3088 2149 3169 capite,
2210 3086 2404 3168 fama,
2463 3086 2827 3151 hereditate
2875 3086 2894 3101 ⁶

450 3176 687 3255 agitur,
751 3175 1164 3241 arbitrarium
1211 3194 1333 3257 per
1376 3176 1557 3256 leges
1604 3180 1704 3241 est
1737 3166 1789 3256 ⁸)
1851 3168 2048 3257 (quod
2095 3182 2329 3254 tamen,
2392 3176 2653 3240 Austria
2695 3174 2826 3239 for-

451 3268 627 3328 tasse
696 3270 765 3329 et
821 3263 1099 3329 Bavaria
1158 3265 1463 3346 exceptiS,
1534 3265 1689 3330 alibi
1757 3281 1879 3330 nec
1947 3263 2119 3329 valet
2186 3282 2306 3331 nec
2375 3281 2560 3330 usum
2625 3263 2825 3328 habet

442 3344 689 3432 ullum),
766 3351 1105 3432 utrobique
1174 3352 1605 3419 testimonium
1679 3360 1828 3434 post
1899 3352 2444 3419 denuntiationem
2513 3350 2614 3416 vel
2679 3368 2823 3415 ore-

443 3442 635 3506 tenus
698 3440 799 3505 vel
858 3440 925 3503 in
983 3440 1241 3522 scriptis
1296 3440 1664 3522 perhibere,
1734 3440 2071 3506 dummodo
2120 3442 2387 3521 quisque
2436 3440 2824 3520 scripturam

445 3528 813 3608 testimonii,
863 3544 990 3593 non
1036 3529 1237 3593 solum
1285 3528 1712 3609 chirographo
1762 3529 2188 3610 subscriptam
2236 3530 2493 3594 claudat
2523 3537 2591 3592 et
2619 3527 2826 3608 sigillo

445 3616 705 3696 proprio
766 3634 879 3682 suo
942 3616 1045 3681 vel
1101 3616 1382 3681 familiae
1440 3617 1758 3697 obsignet,
1823 3636 2045 3682 verum
2089 3618 2285 3683 etiam
2329 3634 2449 3698 per
2494 3616 2822 3681 solennem

448 3704 809 3785 scripturae
841 3703 1159 3785 adjectam
1194 3704 1541 3771 clausulam
1588 3700 1933 3786 (nimirum,
1983 3723 2147 3785 quae
2194 3704 2288 3771 sic
2329 3704 2610 3786 deponit,
2656 3704 2820 3767 inte-

445 3808 566 3871 gra
608 3792 689 3857 ab
736 3812 807 3859 se
843 3790 989 3872 fide,
1039 3810 1159 3858 nec
1206 3793 1333 3858 ullo
1380 3795 1629 3858 animae
1676 3792 1960 3874 periculo
2006 3790 2269 3875 deponi)
2319 3793 2532 3857 verbis
2562 3792 2822 3856 disertis

444 3878 850 3948 testificetur.
903 3880 1067 3961 Quia
1112 3882 1281 3946 enim
1329 3883 1731 3963 experientia
1774 3881 1965 3963 longa
2009 3882 2343 3963 explorata
2387 3889 2488 3948 est
2530 3880 2822 3961 Bojemo-

442 3985 605 4049 rum,
650 3969 1041 4049 praesertim
1064 3970 1468 4051 nobiliorum,
1517 3977 1697 4035 certa
1743 3971 1805 4034 in
1854 3968 2042 4035 dictis
2085 3970 2400 4049 factisque
2449 3967 2631 4049 fideS,
2677 3968 2824 4032 ideo

446 4055 600 4120 nihil
661 4056 764 4122 hic
820 4058 1021 4122 visum
1083 4061 1186 4123 est
1246 4076 1411 4138 esse,
1473 4060 1890 4139 quamobrem
1937 4058 2038 4122 vel
2083 4058 2260 4123 fraus
2305 4058 2404 4122 vel
2451 4057 2823 4123 subornatio

447 4144 549 4209 vel
592 4144 949 4225 perjurium
994 4151 1409 4212 metueretur.
1484 4148 1689 4211 Latae
1754 4148 1820 4212 in
1881 4145 2138 4226 judiciis
2206 4146 2378 4211 hisce
2439 4146 2820 4223 sententiae,

441 4234 830 4312 praesertim
900 4252 1044 4299 cum
1111 4235 1177 4299 in
1246 4254 1385 4299 rem
1444 4234 1800 4314 judicatam
1860 4235 2134 4315 transiit,
2203 4234 2517 4300 obluctari
2563 4234 2821 4315 impune

646 4431 692 4499 Ι)
729 4429 961 4485 Wladis.
992 4430 1419 4499 Reg.Decision.
1462 4448 1584 4487 ann.
1625 4434 1780 4499 1502,
1815 4432 1862 4498 §-
1891 4434 1942 4487 5.
2015 4430 2068 4500 ²)
2109 4432 2244 4499 Cap.
2269 4430 2364 4500 VI,
2400 4432 2451 4497 §-
2493 4432 2575 4501 15,
2615 4434 2698 4500 17,
2737 4435 2817 4491 18.

443 4498 495 4569 ⁸)
546 4500 837 4555 Constitut.
876 4504 1048 4573 regni,
1088 4502 1146 4558 B.
1188 4507 1273 4562 32.
1310 4505 1411 4559 Jus
1452 4502 1712 4571 Municip.
1750 4500 1814 4557 B.
1853 4507 1903 4561 8.
1980 4501 2032 4571 ⁴)
2082 4503 2370 4558 constitut.
2407 4502 2576 4571 regni,
2626 4502 2694 4559 X.
2733 4506 2818 4561 26.

437 4572 542 4627 Jus
582 4574 846 4643 Municip.
881 4576 943 4631 B.
980 4578 1069 4645 49,
1106 4578 1194 4633 50.
1230 4576 1404 4632 Andr.
1441 4576 1581 4631 Gail.
1621 4574 1844 4629 Observ.
1884 4580 2056 4643 praet.
2099 4579 2220 4644 101,
2255 4590 2398 4628 num.
2440 4578 2525 4643 14,
2561 4575 2656 4634 lib.
2698 4579 2748 4632 1.
