3350 5050
1111 442 1443 511 Respublica
1479 440 1722 510 Bojema.
1761 441 1896 510 Cap.
1934 440 2081 496 XIV.
2651 445 2778 515 257

406 582 667 649 dicendi
729 582 893 647 alius
950 599 1023 648 se
1082 597 1208 645 non
1253 579 1347 644 ita
1390 579 1587 644 multo
1632 585 1780 661 post
1823 577 2053 645 offeret
2094 579 2272 644 locus
2310 573 2377 660 ¹).
2439 580 2780 648 Pecuniam

404 671 801 752 reipublicae
873 668 1243 735 collatitiam
1310 673 1664 748 procurant
1732 667 1880 733 lecti
1949 685 2207 748 semper
2263 669 2329 732 in
2389 670 2659 734 comitiis
2703 688 2784 734 ex

408 759 753 826 Ordinibus
787 757 1050 838 singulis
1080 754 1417 836 triumviri,
1464 755 1690 835 vulgus
1739 773 1845 819 eos
1879 755 2209 842 Ncy'wys'ffi
2233 757 2530 842 Berniky
2572 763 2779 822 vocat.

408 850 492 914 Hi
525 867 603 912 ex
633 847 917 913 decretis
946 847 1014 910 in
1040 844 1351 909 Ordinum
1376 849 1692 910 conventu
1714 843 2309 926 contributionibus,
2342 847 2676 911 collectam
2700 846 2781 911 ab

410 937 578 1002 omni
633 934 871 1017 populo
934 932 1299 1015 pecuniam,
1361 933 1454 998 ita
1498 937 1571 997 ut
1637 933 1910 998 comitiis
1968 930 2407 1013 frequentibus
2471 936 2781 1013 convenit,

411 1026 801 1105 dispensant.
863 1021 1220 1087 Incolarum
1280 1027 1495 1085 autem
1553 1021 1854 1102 publicae
1909 1022 2243 1087 securitati
2300 1020 2364 1085 in
2437 1023 2784 1088 territoriis

410 1113 933 1191 districtibusque
1005 1108 1514 1188 conservandae,
1584 1111 1921 1175 institutae
1990 1114 2141 1174 sunt
2205 1109 2781 1176 Provinciales

412 1198 1029 1283 praefecturae.
1110 1197 1387 1278 singulis
1450 1215 1561 1262 eas
1622 1199 1804 1262 annis
1861 1196 2158 1262 renovari
2218 1199 2297 1262 ab
2355 1199 2536 1279 Rege
2603 1199 2782 1280 leges

334 1305 338 1310 ’
412 1289 632 1354 volunt
676 1295 744 1352 et
786 1287 951 1352 binis
999 1306 1077 1351 ex
1122 1285 1648 1364 locupletioribus
1691 1287 1757 1350 in
1803 1303 2183 1366 unoquoque
2231 1286 2523 1353 districtu
2560 1286 2780 1353 incolis

412 1376 810 1455 demandari,
878 1374 1116 1440 Baroni
1186 1391 1419 1454 nempe
1480 1374 1589 1439 uni
1644 1377 1712 1438 et
1755 1373 1975 1453 Equiti
2020 1372 2230 1453 alteri,
2296 1373 2364 1439 id
2429 1375 2598 1455 quod
2664 1375 2783 1441 sub

414 1464 655 1544 Majum
719 1464 855 1528 fere
916 1479 1202 1528 mensem
1264 1459 1408 1526 fieri
1471 1465 1812 1541 quotannis
1873 1462 2262 1527 consuetudo
2311 1467 2427 1527 est.
2497 1463 2782 1529 Muneris

414 1553 601 1632 hujus
633 1559 732 1618 est
762 1570 909 1617 usus
937 1542 1010 1631 ²),
1035 1551 1100 1614 in
1126 1550 1591 1629 praecavendis
1615 1551 1991 1631 periculosis
2019 1550 2289 1615 viciniae
2318 1550 2500 1618 malis
2526 1553 2782 1631 quibus-

412 1659 535 1720 que
582 1639 901 1718 fortuitis,
961 1641 1029 1704 in
1073 1639 1516 1705 describendis
1560 1639 1946 1704 necessariis
1995 1637 2346 1703 defensioni
2391 1638 2786 1720 plebejorum

412 1730 735 1794 hominum
781 1727 929 1794 telis
978 1747 1053 1792 ac
1085 1727 1298 1806 armiS,
1334 1727 1692 1793 exercendo
1723 1728 1789 1790 in
1823 1744 2143 1791 armorum
2193 1746 2327 1806 usu,
2361 1726 2786 1807 habendaque

415 1819 477 1883 in
526 1818 878 1897 procinctu,
927 1821 1285 1897 opportuna
1320 1815 1627 1881 adversus
1658 1815 1932 1880 hostium
1965 1816 2343 1895 repentinas
2372 1816 2786 1897 irruptioneS,

412 1907 801 1972 selectorum
847 1923 929 1968 ex
973 1903 1143 1968 omni
1189 1921 1457 1967 numero
1506 1903 1856 1968 vicinorum
1893 1902 2230 1982 juventute
2261 1910 2532 1983 armata,
2577 1905 2788 1968 incre-

413 1995 639 2077 pandis
685 1993 813 2059 otio
863 1991 1263 2073 torpentibus
1302 1983 1387 2070 '),
1450 1991 1517 2055 in
1576 1991 1941 2058 relaxandis
2002 1991 2321 2057 immerito
2377 1991 2678 2072 conjectis
2723 1992 2788 2055 in

412 2083 661 2148 vincula
707 2081 1125 2160 tenuioribuS‚
1172 2080 1666 2162 abrumpendis,
1732 2079 1796 2143 in
1856 2081 2405 2161 repraesentando
2454 2079 2791 2161 opificibus

418 2170 750 2252 oppidanis
796 2169 1181 2235 hostimento
1230 2168 1326 2232 vel
1374 2185 1716 2248 operarum
1763 2169 1974 2248 pretio
2019 2166 2441 2233 familiaribus
2473 2168 2790 2233 nobilitati

416 2257 1076 2338 tergiversationibus,
1147 2255 1211 2320 in
1270 2255 1673 2334 prohibenda
1732 2256 2006 2336 denique
2063 2256 2124 2319 vi
2172 2257 2421 2337 privata
2464 2256 2788 2322 hominum

416 2345 816 2429 petulcorum
858 2345 1045 2410 omni.
1095 2342 1416 2424 Imprimis
1448 2361 1621 2422 vero,
1669 2344 2020 2408 secundum
2051 2344 2518 2426 Burggravium
2552 2344 2790 2425 Supre-

418 2453 607 2511 mum,
657 2433 950 2515 pervigili
996 2451 1153 2496 cura
1200 2433 1259 2496 ei
1308 2437 1409 2496 est
1451 2431 1978 2512 incumbendum,
2039 2437 2134 2514 ut*
2173 2432 2799 2513 comprehendantur

418 2542 683 2589 errones
746 2523 1031 2605 suspecti
1098 2528 1165 2586 et
1230 2526 1653 2601 grassatores,
1724 2521 2154 2600 sistanturque
2210 2519 2490 2601 cujusvis
2541 2523 2796 2602 generis

420 2611 866 2693 populationes
900 2628 975 2675 ac
1006 2610 1364 2681 latrocinia.
1415 2609 1502 2673 Et
1532 2615 1732 2687 certe,
1781 2608 1984 2676 sicubi
2029 2608 2224 2673 fuerit
2271 2610 2406 2675 sive
2453 2611 2535 2674 ab
2574 2612 2795 2675 iucen-

421 2700 662 2779 diariiS,
708 2700 841 2765 sive
878 2698 1271 2765 vastatoribu
1303 2698 1839 2777 squibuscunque,
1887 2696 2058 2762 facta
2102 2697 2167 2761 in
2212 2716 2482 2777 regnum
2525 2698 2796 2779 irruptio

422 2788 519 2853 vel
570 2787 662 2853 vis
710 2808 751 2852 a
797 2787 1153 2852 latronibus
1213 2786 1487 2866 cuipiam
1548 2784 1761 2864 illata,
1820 2786 1911 2849 ita
1959 2791 2031 2850 ut
2074 2784 2402 2866 spolietur,
2451 2786 2797 2865 saucietur,

422 2876 717 2957 capiatur
756 2876 1131 2953 trucidetur,
1180 2878 1311 2938 tum
1360 2874 1442 2938 ad
1489 2873 1761 2954 primam
1809 2873 1981 2954 passi
2026 2872 2326 2952 injuriam
2373 2880 2485 2939 aut
2528 2874 2796 2939 alterius

420 2964 807 3047 spectatoris
854 2981 1093 3041 vocem,
1158 2962 1255 3026 vel
1309 2961 1829 3042 conclamatione,
1890 2961 1990 3025 vel
2038 2960 2207 3025 aeris
2254 2963 2545 3043 campani
2591 2961 2795 3044 pulsu,

422 3054 669 3133 signum
718 3052 860 3118 dari
908 3053 1083 3131 leges
1118 3040 1170 3126 ²)
1209 3048 1458 3129 jubent.
1509 3049 1644 3127 Quo
1693 3050 1932 3130 audito,
1981 3055 2239 3114 tenetur
2271 3051 2648 3130 grav-issima
2678 3052 2797 3115 sub

424 3158 652 3222 poena,
703 3139 936 3206 vicinia
980 3140 1205 3217 omnis,
1253 3139 1636 3219 praesertim
1683 3138 1807 3203 loci
1855 3137 2162 3218 dominus,
2221 3139 2371 3218 quin
2419 3145 2486 3204 et
2531 3140 2798 3219 quisque

422 3227 664 3308 obviuS,
713 3230 995 3309 arreptis
1042 3226 1237 3292 armis
1284 3244 1649 3306 accurrere,
1699 3244 1883 3307 opem
1929 3225 2124 3305 ferre,
2172 3226 2294 3291 vim
2341 3228 2404 3291 vi
2451 3245 2795 3308 opponere,

421 3315 743 3397 conjectos
790 3316 1067 3396 denique
1112 3316 1177 3378 in
1232 3314 1446 3394 fugam
1495 3314 1885 3396 praedones,
1945 3314 2265 3395 tantisper
2311 3316 2459 3381 dum
2507 3333 2797 3397 compre-

419 3405 801 3482 hendantur,
834 3404 1151 3486 persequi.
1190 3402 1300 3467 Sin
1332 3402 1397 3466 in
1432 3421 1581 3467 arce
1613 3402 1846 3481 aliqua,
1881 3401 2163 3480 castello,
2199 3402 2430 3483 oppido
2463 3408 2796 3484 receptum

424 3493 468 3559 ii
512 3490 862 3557 habuerint
905 3510 1027 3557 nec
1075 3490 1277 3557 dediti
1321 3492 1565 3569 absque
1612 3508 1792 3554 mora
1824 3490 2083 3569 fuerint,
2130 3490 2303 3556 locus
2335 3511 2371 3556 a
2404 3510 2793 3571 persequen-

421 3581 591 3646 tibus
638 3581 913 3661 cingitur
960 3586 1027 3645 et
1070 3598 1177 3645 res
1225 3578 1427 3643 onmis
1474 3578 1555 3643 ad
1602 3580 1966 3659 provinciae
2010 3578 2376 3659 praefectos
2407 3579 2794 3644 enuntiatur.

424 3669 648 3733 Moniti
692 3667 804 3747 illi,
873 3668 1254 3734 festinanter
1309 3667 1731 3747 provinciales
1793 3672 2066 3745 armant,
2138 3675 2206 3731 et
2265 3668 2413 3733 dum
2461 3670 2598 3733 Rex
2658 3668 2796 3750 ipse

422 3756 515 3822 vel
566 3757 1003 3837 Burggravius
1052 3756 1422 3836 Supremus,
1471 3755 1623 3834 quid
1668 3773 1864 3835 porro
1909 3754 2053 3819 fieri
2099 3756 2452 3836 conveniat,
2509 3776 2586 3821 ex
2632 3756 2796 3822 Con-

418 3844 661 3911 sistorii
706 3844 1043 3910 sanctioris
1089 3842 1349 3909 consilio
1398 3843 1709 3908 decernat
1736 3894 1752 3919 ,
1824 3844 1888 3906 in
1949 3843 2071 3907 loci
2118 3844 2448 3910 obsidione
2509 3845 2796 3910 haerent.

423 3932 631 4013 Hujus
680 3950 932 4012 quoque
981 3931 1128 3997 olim
1159 3931 1373 3995 fuerat
1403 3932 1706 4011 muneriS,
1741 3937 2088 3997 conventus
2120 3948 2261 3995 cum
2301 3932 2796 4013 provincialibus

423 4040 537 4103 pro
584 4038 658 4086 re
706 4026 858 4085 nata
904 4020 1157 4100 agitare
1211 4025 1278 4085 et
1319 4019 1699 4085 necessariis
1749 4018 2068 4085 districtui
2113 4037 2227 4084 suo
2277 4020 2355 4084 de
2400 4022 2596 4086 rebus
2645 4039 2790 4087 cou-

422 4107 797 4174 sultationes
843 4108 1116 4187 habere3
1167 4108 1281 4173 sed
1326 4107 1722 4188 posteriores
1754 4107 1969 4187 Reges
2013 4105 2383 4173 facultatem
2426 4108 2549 4175 hoc
2593 4126 2795 4189 genus

420 4197 576 4279 ipsis
628 4197 1025 4279 eripuerunt.

630 4392 675 4459 ¹)
740 4390 874 4457 Cap.
926 4389 1077 4444 XVI.
1153 4386 1203 4455 ²)
1268 4388 1525 4455 Hagecus
1582 4387 1636 4440 in
1695 4402 1820 4440 ann.
1881 4386 2036 4444 1442.
2109 4386 2160 4454 ³)
2219 4388 2407 4444 Comit.
2465 4404 2588 4443 ann.
2651 4388 2800 4445 1547.

426 4458 477 4531 δ)
515 4460 691 4531 Regni
727 4462 1016 4516 Constitut.
1054 4462 1119 4516 L.
1165 4464 1245 4528 16,
1286 4464 1368 4529 18,
1410 4462 1493 4516 25.

2321 4557 2402 4627 17
