3350 5050
1596 585 1702 640 Tit.
1742 585 1783 638 1.
2795 633 2805 640 ,
2850 593 2891 660 9

507 731 594 795 Et
641 735 784 795 cum
829 729 1298 795 'contrariorum
1330 729 1557 794 eadem
1589 731 1673 794 sit
1694 727 1861 809 juris
1893 731 2243 813 dispositi0,
2278 732 2503 796 eadem
2536 731 2889 813 disciplina,

512 835 638 883 non
685 819 879 884 debet
922 836 1035 882 reo
1081 818 1299 896 licere,
1351 818 1518 896 quod
1567 818 1769 882 actori
1815 819 2053 884 licitum
2102 838 2225 884 non
2275 825 2395 899 est,
2445 825 2511 884 et
2542 815 2592 885 'e
2646 824 2890 886 contra.

511 897 628 985 (A.
679 908 783 971 44.
835 906 1008 972 Dist.
1058 897 1163 986 3.)

512 1071 518 1077 ⁸
701 995 861 1060 Jure
909 994 1250 1059 Communi
1289 994 1522 1074 duplex
1565 1000 1666 1059 est
1710 1014 1905 1060 reus:
1965 998 2094 1061 Aut
2123 1070 2126 1072 ,
2156 997 2579 1075 necessarius,
2644 996 2751 1077 qui
2813 1017 2890 1061 ex

508 1091 688 1150 certa
762 1082 1150 1162 obligatione
1211 1101 1327 1164 pro
1390 1100 1458 1147 se
1518 1085 1586 1148 in
1645 1082 1751 1163 jus
1821 1084 2163 1150 deducitur
2225 1091 2292 1150 et
2354 1090 2714 1164 accusatur,
2778 1093 2890 1149 aut

477 1171 916 1251 'voluntariuS,
965 1171 1074 1250 qui
1117 1189 1244 1236 non
1290 1190 1407 1252 pro
1436 1189 1524 1252 se,
1574 1173 1689 1236 sed
1722 1191 1837 1253 pro
1870 1193 1983 1238 suo
2016 1174 2329 1239 interesse
2360 1173 2463 1237 vel
2492 1173 2887 1255 reipublicae

511 1260 937 1327 emolumento
986 1277 1126 1325 sese
1166 1259 1406 1339 judicio
1455 1259 1789 1326 immiscet.
1849 1251 2041 1338 (Abb.
2100 1263 2301 1327 Pelia.
2355 1269 2412 1325 et
2458 1260 2666 1326 Innoc.
2722 1262 2791 1326 in
2839 1285 2887 1326 c.

511 1372 649 1414 cum
693 1348 876 1413 inter.
927 1347 1010 1413 de
1055 1339 1340 1433 except.)

700 1436 838 1501 Has
869 1441 1004 1501 tres
1043 1454 1371 1518 porsonaS,
1415 1438 1495 1502 de
1529 1437 1758 1517 quibus
1794 1456 1959 1502 nunc
1998 1439 2270 1503 diximus
2306 1437 2371 1501 in
2402 1437 2660 1516 judiciis
2694 1439 2895 1504 inter-

443 1572 453 1582 .
512 1525 746 1603 venire,
784 1529 882 1588 est
925 1524 1004 1588 de
1049 1525 1300 1589 illorum
1336 1526 1632 1590 essentia.
1668 1517 1708 1606 (
1727 1525 1887 1590 Vide
1915 1528 2040 1591 Jus
2072 1527 2273 1614 Pray.
2314 1527 2390 1591 B.
2428 1526 2532 1590 87.
2572 1527 2744 1592 Diat.
2788 1519 2895 1608 2.)

707 1612 890 1690 Quod
949 1630 1098 1676 vero
1166 1617 1233 1676 et
1299 1613 1462 1679 aliae
1510 1633 1845 1694 personae,
1917 1619 1987 1678 ut
2054 1620 2203 1682 sunt
2248 1620 2467 1690 testeS‚
2540 1615 2886 1692 auditoreS,

511 1701 824 1781 advocati,
872 1705 1324 1782 procura-tores
1355 1708 1421 1767 et
1448 1703 1513 1767 id
1554 1720 1778 1783 genuS,
1826 1703 1890 1766 in
1913 1701 2173 1782 judiciis
2218 1703 2543 1768 multoties
2588 1703 2887 1782 existunt,

509 1789 574 1854 id
605 1807 730 1853 non
761 1794 863 1854 est
893 1788 973 1854 de
997 1788 1382 1869 judiciorum
1415 1788 1821 1856 substantiali
1853 1809 2013 1870 esse,
2046 1791 2159 1856 sed
2196 1791 2575 1871 quandoque
2608 1791 2885 1858 necessi-

517 1883 737 1957 tatem,
788 1877 1170 1957 quandoque
1219 1879 1558 1943 utilitatem
1607 1879 1885 1959 partium
1937 1880 2282 1944 concernit.

520 2044 563 2135 (
709 1965 832 2030 Est
860 1963 1400 2136 autemssudicium
1437 1967 1603 2030 aliud
1641 1966 2055 2049 ordinarium,
2084 1967 2257 2031 aliud
2288 1966 2893 2032 extraordinarium.
2984 2017 2991 2025 .

556 2057 634 2118 A.
687 2054 796 2133 41,
843 2056 923 2117 Α.
983 2053 1084 2118 43.

611 2207 622 2214 ,
712 2141 1255 2208 ordinarium
1303 2144 1558 2223 dicitur,
1616 2143 1678 2207 in
1730 2161 1850 2222 quo
1898 2147 2047 2208 sunt
2106 2163 2203 2222 ea,
2268 2163 2432 2223 quae
2489 2145 2552 2208 in
2610 2143 2898 2223 legitima

524 2247 857 2294 causarum
891 2251 896 2256 ·
931 2231 1288 2311 cognitione
1368 2252 1446 2296 ex
1509 2231 2065 2296 constitutionibus
2112 2233 2573 2314 imperatorum
2636 2239 2715 2296 et
2749 2250 2899 2296 con-

519 2317 854 2382 suetudine
904 2318 1207 2398 cuiusque
1253 2319 1374 2385 fori
1425 2320 1755 2384 observari
1801 2320 2027 2398 solent,
2100 2325 2175 2390 ut,
2221 2325 2369 2384 sunt
2416 2321 2656 2397 citatio,
2704 2319 2899 2384 libelli

520 2405 778 2480 oblatio,
823 2407 1181 2487 satisdatio,
1231 2407 1359 2473 litis
1407 2409 1814 2487 contestatio,
1864 2407 2235 2472 dilationum
2286 2409 2667 2489 assignatio,
2722 2407 2899 2487 jnra-

519 2500 820 2573 mentum,
870 2495 1127 2561 testium
1177 2501 1260 2562 et·
1286 2497 1849 2562 instrumentorum
1888 2496 2245 2577 productio,
2295 2502 2362 2560 et
2406 2497 2469 2561 id
2518 2516 2717 2578 genus
2751 2495 2910 2575 alia,

515 2583 594 2648 de
644 2582 872 2663 quibus
917 2584 980 2647 in
1027 2583 1148 2649 hoc
1189 2584 1525 2651 Processu.
2000 2609 2007 2616 ·
2061 2652 2069 2657 ,

711 2671 1110 2752 Hujusmodi·
1164 2674 1556 2740 ordinarium
1641 2672 1953 2753 judicium
2049 2673 2259 2753 quoad
2324 2678 2563 2738 statum
2630 2672 2895 2755 oppida-

515 2781 739 2827 norum
786 2765 852 2823 et
896 2760 960 2823 in
1007 2761 1502 2843 metropolitana
1547 2762 1707 2827 urbe
1750 2762 2057 2843 Pragensi
2104 2762 2442 2841 agentium,
2493 2768 2595 2827 est
2626 2761 2894 2842 triplex:

599 2872 607 2879 ·
715 2850 763 2913 1.
791 2848 1327 2929 Senatorium,
1358 2851 1459 2916 cui
1489 2850 1819 2932 praesidet
1851 2849 2067 2915 consul
2101 2867 2245 2913 cum
2268 2849 2897 2915 XVIIsenatoribus

514 2940 641 3003 fide
691 2936 936 3018 digniS,
996 2944 1336 3018 praesente
1400 2939 1741 3021 aliquando
1792 2938 2124 3019 capitaneo
2173 2946 2239 3003 et
2295 2938 2511 3019 judice
2560 2954 2885 3003 caesareo,

520 3024 646 3105 (De
693 3026 919 3091 horum
964 3026 1212 3105 legibus
1259 3028 1401 3093 vide
1445 3032 1522 3093 Α.
1577 3018 1679 3108 4.)
1815 3056 1819 3059 ’

715 3114 796 3180 ΙΙ.
851 3114 1432 3194 Decemvirale,
1485 3136 1524 3180 a
1577 3133 1844 3181 numero
1884 3114 2170 3195 judicum
2219 3114 2311 3179 sic
2362 3113 2770 3194 appellatum,
2835 3112 2897 3175 in

519 3222 640 3281 quo
691 3202 1032 3284 praecipue
1095 3203 1478 3269 deciduntur
1546 3203 2019 3270 controversiae
2084 3208 2491 3281 emergentes
2562 3200 2894 3267 occasione

519 3291 900 3361 debitorum.

533 3453 536 3456 ,
715 3379 834 3445 ΙΙΙ.
886 3376 1318 3444 Sexvirale
1381 3398 1492 3445 seu
1556 3378 2061 3443 aedilitium.
2132 3378 2252 3443 Est
2320 3384 2531 3442 autem
2593 3375 2894 3441 aedilium

522 3468 817 3547 officium,
866 3485 992 3533 non
1041 3467 1239 3532 solum
1289 3485 1550 3549 operam
1598 3468 1775 3547 dare,
1826 3485 1906 3531 ne
1936 3466 1997 3530 in
2034 3466 2294 3531 civitate
2326 3467 2625 3530 ruinosae
2681 3465 2905 3527 domus

525 3555 622 3621 vel
667 3556 1028 3621 inordinate
1079 3556 1426 3637 dispositae
1471 3556 1645 3635 liant,
1712 3554 1825 3620 sed
1872 3555 2085 3633 etiam,
2154 3562 2227 3617 ut
2269 3554 2454 3618 bonis
2500 3552 2618 3618 soli
2663 3552 2902 3632 publici

521 3646 864 3814 diligente}
931 3643 1238 3724 praesint.
1290 3634 1432 3724 (De
1474 3644 1576 3709 his
1621 3644 1771 3708 vide
1814 3644 1939 3707 ‚Ius
1988 3642 2186 3729 Pray.
2242 3642 2323 3707 K.
2379 3643 2479 3706 19.
2532 3640 2705 3705 Dist.
2755 3640 2801 3703 2
2848 3647 2903 3703 et

517 3758 588 3798 m
633 3758 702 3799 8e
787 3786 800 3798 .

704 3754 940 3900 {Qquoad
973 3826 1177 3885 status
1209 3821 1574 3901 superiores
1606 3819 1668 3884 in
1701 3820 1819 3901 hoc
1867 3818 2103 3899 inclyto
2146 3834 2345 3897 regno
2369 3817 2677 3896 judicium
2729 3816 2901 3881 ordi-

525 3910 772 3975 narium
820 3916 918 3975 est
966 3909 1376 3990 quintuplex:

715 3998 764 4065 Ι.
840 3996 1377 4062 Ρι·ον·ίι]οἰε.ἱθ
1448 3996 1730 4075 maiUS,
1810 3997 1913 4061 cui
1992 4003 2254 4075 praeest
2314 4010 2651 4074 supremus
2720 3991 2903 4071 regni

512 4088 730 4168 judex,
803 4104 942 4151 cum
1013 4085 1364 4150 baronibus
1434 4084 1916 4165 quatuordecim
1969 4091 2035 4149 et
2092 4087 2233 4147 octo
2281 4080 2618 4147 nobilibus.
2692 4073 2724 4159 (
2749 4080 2905 4145 Vide

522 4176 726 4241 Conat.
779 4174 964 4261 reflui
1007 4172 1122 4239 sub
1170 4174 1259 4239 lit.
1312 4177 1388 4238 A.
1439 4162 1589 4255 35.)

716 4264 799 4328 II.
853 4262 1385 4328 Provinciale
1433 4262 1711 4340 minuS,
1773 4264 1873 4326 cui
1938 4258 2269 4342 praesidet
2313 4256 2649 4323 vice'udex
2697 4256 2899 4336 regni,

520 4371 664 4416 cuni
718 4350 994 4431 quinque
1042 4350 1359 4416 nobilibus
1405 4350 1718 4431 personis
1771 4340 1887 4429 (In
1938 4350 2140 4415 Conat.
2196 4346 2275 4413 L.
2326 4348 2427 4412 60.

716 4438 838 4503 III.
886 4440 1222 4519 Curiae,
1276 4437 1380 4503 cui
1425 4438 1755 4519 praesidet
1800 4454 2137 4519 supremus
2186 4436 2405 4500 curiae
2462 4435 2647 4514 regni
2687 4432 2906 4513 judex,

524 4527 1057 4593 cumbaronibus
1119 4534 1184 4591 et
1241 4526 1540 4591 nobilium
1591 4543 1857 4591 numero
1906 4526 1990 4590 ad
2054 4524 2377 4589 minimum
2429 4522 2713 4592 denario.
2790 4510 2907 4601 (In

531 4615 734 4682 Const.
785 4620 864 4681 A.
914 4617 1025 4696 35,
1074 4616 1162 4681 M.
1199 4605 1347 4698 36.)
