3350 5050
523 529 608 598 74
1455 526 1524 580 V.
1563 525 1962 594 ophthalmia&

1278 742 1406 815 De
1453 741 1564 814 cri
1567 741 1761 815 mine
1810 742 2137 816 ambitus.

721 903 982 969 Crimen
1028 901 1310 970 ambitus
1359 903 1798 985 committitur,
1847 904 2101 986 quando
2139 906 2281 985 quis
2326 907 2601 987 pecunia
2646 905 2799 972 facit
2842 925 2913 971 se

527 992 680 1072 eligi
725 993 806 1056 ad
855 992 1136 1072 aliquam
1183 991 1803 1058 administrationem
1852 991 1953 1060 vel
1998 993 2401 1074 dignitatem.
2450 992 2659 1074 Hujus
2704 1013 2915 1075 poena

525 1089 627 1148 est
672 1081 754 1145 de
800 1080 962 1249 J(ure
1009 1080 1344 1248 Οςιηωιιῑιί
1391 1080 1782 1161 deportatio,
1829 1083 1999 1163 apud
2050 1099 2165 1146 nos
2214 1100 2364 1148 vero
2426 1082 2575 1148 talis
2618 1082 2918 1148 redditur

524 1169 777 1235 infamis
867 1173 937 1235 0.
987 1169 1048 1234 8.

725 1256 828 1322 De
891 1258 932 1322 J
937 1274 1052 1322 ure
1101 1255 1504 1338 Provinciali,
1576 1257 1688 1340 qui
1754 1257 2022 1324 crimine
2092 1258 2369 1323 ambitus
2436 1265 2717 1336 notatur,
2786 1277 2913 1324 non

532 1351 780 1412 tantum
827 1345 902 1411 fit
947 1345 1230 1424 infamiS,
1271 1364 1492 1412 verum
1541 1349 1741 1412 etiam
1788 1345 2101 1428 supplicio
2148 1347 2410 1428 capitali
2460 1352 2529 1412 et
2574 1347 2913 1411 amissione

527 1435 838 1500 bonorum
885 1435 1148 1516 punitur
1193 1423 1358 1514 (Jus
1403 1435 1602 1502 Prov.
1653 1437 1730 1503 B.
1783 1431 1929 1516 12.)

885 1669 1011 1740 De
1059 1667 1522 1764 receptatione
1571 1681 1630 1740 et
1684 1665 2143 1739 occultatione
2194 1667 2577 1739 latronum.

715 1827 1200 1998 (Ιῗαεέήῧῐοτεε
1247 1831 1601 1910 puniuntur
1646 1828 1874 1894 eadem
1921 1848 2151 1911 poena,
2202 1847 2329 1909 qua
2360 1827 2467 1909 illi,
2516 1847 2675 1910 quos
2706 1828 2914 1895 occul·

529 1922 673 1980 tant
819 1966 834 1980 .
925 1917 985 1983 0.

728 2003 764 2068 21
774 2023 889 2068 ure
960 2008 1281 2070 Caesareo
1348 2006 1696 2086 pessimum
1778 2021 1981 2085 genus
2067 2010 2549 2087 receptatorum
2586 2006 2914 2086 jubetur,

535 2093 672 2157 sine
719 2093 950 2171 quibus
997 2093 1200 2158 latere
1249 2111 1436 2158 nemo
1485 2093 1594 2157 diu
1639 2099 1887 2174 potest;
1950 2097 2018 2158 et
2060 2093 2477 2174 praecipitur,
2527 2098 2598 2157 ut
2643 2093 2912 2174 perinde

534 2181 886 2262 puniantur
934 2188 1126 2262 atque
1157 2179 1454 2258 malefici,
1500 2182 1621 2247 nisi
1666 2181 1835 2246 forte
1868 2181 1971 2246 vel
2016 2180 2239 2246 affines
2270 2181 2370 2246 vel
2403 2183 2657 2262 cognati
2691 2200 2910 2247 eorum

533 2269 792 2333 suerint.
839 2267 1007 2334 Nam
1053 2270 1115 2334 hi
1178 2288 1383 2350 nequo
1431 2270 1804 2336 absolvendi
1851 2287 2060 2348 neque
2108 2287 2333 2336 severe
2382 2269 2723 2336 admodum
2770 2276 2918 2335 sunt

531 2356 872 2437 puniendi3
921 2350 1048 2422 non
1094 2358 1260 2422 enim
1297 2377 1416 2438 par
1461 2364 1562 2422 est-
1606 2353 1835 2422 horum
1884 2357 2185 2422 delictum
2216 2365 2285 2423 et
2330 2377 2573 2438 eorum,
2608 2359 2715 2438 qui
2760 2356 2917 2424 nihil

535 2446 620 2510 ad
665 2463 735 2510 se
784 2447 1182 2527 pertinentes
1210 2445 1534 2511 maleficos
1579 2445 1921 2527 recipiunt.
1967 2447 2059 2510 Ac
2103 2445 2169 2508 in
2211 2447 2353 2528 pari
2401 2465 2596 2511 causa
2640 2444 2916 2512 habendi

533 2540 700 2613 sunt,
751 2536 854 2614 qui
905 2554 1046 2599 cum
1095 2535 1586 2617 apprehendere
1631 2536 1954 2599 maleficos
1985 2541 2267 2615 possent,
2324 2536 2598 2616 pecunia
2645 2541 2917 2616 accepta

531 2622 634 2688 vel
680 2628 1126 2703 surreptorum
1171 2630 1380 2704 parte,
1429 2640 1540 2689 eos
1589 2622 1989 2688 dimiserunt.

730 2710 796 2775 Si
874 2712 1015 2789 quis
1080 2717 1391 2792 cognatus
1454 2712 1628 2793 apud
1689 2726 1806 2777 nos
1866 2709 2219 2776 maleficum
2282 2710 2365 2775 ad
2428 2730 2497 2777 se
2568 2712 2915 2793 receperit,

535 2797 700 2862 diem
774 2817 850 2864 ac
918 2806 1172 2867 noctem
1241 2818 1383 2865 eum
1458 2800 1712 2877 quidem
1787 2799 2113 2865 occultare
2180 2804 2427 2880 potest,
2505 2799 2622 2864 sed
2689 2806 2917 2881 postea

537 2885 862 2967 depellere
907 2906 1052 2953 eum
1094 2888 1361 2968 jubetur
1407 2879 1570 2967 (Jus
1615 2888 1814 2953 Prov.
1866 2888 1947 2953 K.
1996 2886 2100 2953 33.
2152 2885 2221 2952 in
2245 2878 2409 2975 fin.)

1318 3119 1443 3193 De
1482 3146 1716 3217 poena
1769 3117 2135 3192 ebrietatis.

735 3283 916 3349 Anno
969 3280 1135 3348 1556
1181 3283 1298 3349 fer.
1349 3279 1408 3350 4.
1456 3286 1604 3364 post
1633 3280 2021 3360 Quasimodo
2070 3282 2467 3348 Doniinicam
2516 3284 2581 3346 in
2626 3281 2915 3346 Comitiis

547 3370 888 3437 celebratis
955 3372 1020 3437 in
1088 3372 1458 3453 praesentia
1524 3370 1937 3452 imperatoris
1996 3369 2403 3449 Ferdinandi,
2477 3373 2556 3437 ab
2627 3368 2918 3433 omnibus

537 3460 812 3527 statibus
869 3462 1054 3540 regni
1104 3462 1405 3526 Boemiae
1465 3464 1778 3525 statutum
1835 3463 1902 3522 et
1960 3465 2291 3537 receptum
2351 3464 2469 3537 est,
2534 3466 2606 3525 ut
2662 3458 2715 3523 si
2778 3456 2918 3536 quis

543 3548 797 3628 aliquod
845 3547 1138 3629 poculum
1187 3567 1503 3630 magnum,
1550 3547 1805 3630 plenum
1840 3546 1940 3613 vel
1984 3545 2283 3626 medium,
2333 3546 2522 3611 alicui
2554 3546 2915 3627 praebibat,

540 3639 886 3701 mulctetur
931 3638 1148 3701 decem
1197 3639 1534 3716 sexagenis
1580 3651 1968 3717 grossorum.

737 3723 1080 3789 Convictus
1136 3726 1216 3791 de
1273 3726 1590 3791 ebrietate
1649 3726 1716 3789 in
1760 3723 2013 3789 Judicio
2062 3722 2445 3788 Provinciali
2506 3722 2773 3801 Minore,
2840 3720 2917 3785 iis

540 3811 957 3892 temporibus,
993 3831 1157 3892 quae
1204 3813 1502 3879 taxandis
1546 3811 1751 3876 litium
1798 3812 2097 3893 expensis
2130 3810 2210 3875 de
2246 3810 2394 3891 jure
2426 3816 2575 3877 sunt
2604 3807 2913 3892 praelixa,

538 3916 914 3980 comparere
984 3908 1054 3966 et
1117 3901 1517 3982 praedictam
1587 3901 1886 3965 mulctam
1950 3898 2316 3981 persolvere
2384 3899 2756 3982 cogebatur.
2828 3886 2913 3969 (O

538 3988 778 4052 utinam
826 3988 1004 4053 Deus
1050 3990 1360 4071 ejusmodi
1405 3994 1654 4070 pestem
1704 4006 1743 4052 a
1786 3989 1968 4055 nobis
2016 3991 2360 4067 averteret,
2415 4004 2659 4066 nosque
2705 3984 2916 4066 potius

534 4076 787 4140 faceret
843 4094 999 4141 suae
1058 4082 1322 4143 sanctae
1381 4076 1753 4142 sobrietatis
1798 4083 1865 4140 et
1922 4075 2401 4141 misericordiae
2446 4078 2723 4155 organa!
2793 4070 2916 4151 Qui

539 4181 770 4244 nempe
841 4162 1114 4230 alterum
1185 4166 1377 4246 cogit,
1447 4170 1520 4229 ut
1587 4182 1657 4229 se
1726 4163 1869 4245 plus
1946 4182 2135 4242 quam
2204 4181 2363 4245 opus
2432 4169 2549 4243 est,
2621 4160 2913 4237 inebriet,

539 4250 888 4317 secundum
934 4251 1355 4334 Augustinum
1403 4255 1611 4319 minus
1674 4251 1908 4316 malum
1953 4249 2043 4315 illi
2099 4256 2262 4332 orat,
2334 4252 2387 4317 si
2450 4269 2711 4316 carnem
2778 4247 2915 4327 eJus

543 4337 915 4407 vulneraret
960 4341 1195 4422 gladio,
1260 4360 1451 4424 quam
1497 4343 1772 4409 animam
1820 4357 1941 4421 per
1986 4340 2371 4406 ebrietatem
2430 4344 2713 4405 necaret.
2778 4335 2917 4401 Huc

541 4427 696 4497 illud
749 4429 1047 4512 vulgare:
1097 4431 1399 4500 Ebrietas
1443 4432 1697 4512 frangit,
1748 4426 2047 4507 quicquid
2094 4427 2412 4507 sapientia
2456 4426 2713 4507 tangit.)
