3350 5050
480 502 573 573 88
1295 502 1358 555 V.
1397 499 1734 568 Ophthalmii
1768 500 2079 556 Processu&

512 689 523 704 ,.
2732 648 2813 701 Pa
2853 691 2865 703 .

487 740 703 796 Textes
738 745 1028 796 extraneos
1074 745 1131 795 et
1161 739 1299 796 'viles
1347 741 1394 795 si
1430 745 1587 795 extra
1624 740 1799 796 forum
1851 739 2151 808 producere
2203 741 2354 811 velis,
2403 749 2513 796 tum
2551 743 2621 797 de
2657 760 2722 798 eo
2813 665 2849 716 8

604 835 895 890 certiorato
931 838 1141 903 partem
1178 832 1462 888 adversam
1556 874 2010 889 ......
2023 847 2028 854 ·
2089 875 2720 893 ........
2797 844 2868 899 29

492 927 693 986 Testes
720 927 893 996 jurati
927 925 1199 997 deponere
1236 925 1434 982 debent
1550 965 2723 986 ..............
2798 963 2866 972 -

495 1023 689 1082 Testes
715 1021 989 1092 sigillatim
1020 1021 1076 1075 in
1100 1027 1310 1076 secreto
1336 1021 1733 1090 examinantur,
1757 1022 1814 1076 in
1835 1021 2146 1091 praesentia
2167 1021 2394 1076 duorum
2415 1021 2723 1091 juratorum
2795 1029 2866 1085 30

498 1117 693 1173 Testes
730 1115 803 1172 ad
838 1114 1235 1170 testificandum
1273 1113 1541 1184 quomodo
1568 1113 1826 1183 jnrgendi
1910 1156 2724 1174 ..........
2801 1149 2865 1160 --

503 1211 778 1280 Testibus,
812 1224 923 1266 non
959 1208 1283 1264 testimoniis
1318 1206 1465 1263 credi
1502 1206 1665 1263 debet
1731 1250 2726 1268 ............
2800 1217 2870 1272 29

498 1303 696 1361 Tutela
732 1302 864 1374 quid
900 1310 955 1358 et
990 1301 1287 1373 quotuplex
1375 1342 2728 1361 ................
2801 1311 2869 1365 47

500 1399 733 1456 Tutores
772 1395 865 1467 qui
902 1392 1172 1448 satisdant
1208 1431 1221 1446 .
1295 1433 1308 1446 .
1380 1432 1393 1447 .
1470 1432 1483 1445 .
1558 1431 1571 1444 .
1648 1431 1663 1447 .
1739 1435 1751 1448 .
1829 1435 1841 1448 .
1916 1435 1930 1450 .
2006 1438 2018 1450 .
2095 1439 2106 1450 .
2182 1439 2194 1452 .
2271 1375 2284 1452 ζ
2361 1439 2727 1454 .....
2803 1401 2872 1454 48

498 1493 673 1549 Tutor
706 1507 817 1548 non
852 1493 1034 1559 potest
1069 1501 1155 1542 res
1193 1482 1387 1554 pnpilli
1421 1483 1658 1539 alienare
1697 1485 1815 1541 sine
1852 1485 2070 1542 decreto
2100 1485 2300 1554 judicis
2360 1529 2727 1546 .....
2803 1521 2871 1529 -

500 1585 765 1642 Tutorum
803 1583 1039 1641 officium
1098 1620 2719 1640 ...................
2800 1588 2869 1643 47

498 1679 763 1736 Tutorum
798 1677 1105 1733 authoritas
1142 1676 1359 1747 quando
1397 1676 1605 1746 pupillo
1642 1683 1728 1731 est
1763 1675 2073 1730 necessaria
2181 1717 2726 1732 .......
2801 1682 2874 1738 48

494 1816 770 1884 Usucapio
811 1813 958 1884 quid,
997 1819 1053 1866 et
1092 1828 1191 1866 cur
1227 1808 1537 1866 introducta
1622 1827 1627 1834 ·
1648 1851 2730 1870 .............
2806 1819 2876 1874 23

498 1910 775 1978 Usucapio
812 1905 1081 1980 quomodo
1118 1904 1334 1960 differat
1369 1921 1404 1960 a
1444 1903 1872 1974 praescriptione
1911 1945 2724 1965 ..........
2801 1939 2870 1949 -

496 2003 858 2072 Usueapionis
894 2000 1157 2071 requisita
1192 2040 2724 2058 ..................
2802 2009 2871 2062 24

500 2097 773 2165 Usucapio
810 2096 867 2150 in
904 2095 1099 2166 quibus
1136 2110 1246 2150 non
1280 2093 1533 2162 procedit
1646 2136 2729 2154 .............
2804 2127 2869 2136 —-

504 2190 782 2259 Usucapio
821 2187 875 2241 in
915 2190 1111 2259 quibus
1147 2187 1397 2258 procedit
1471 2230 2728 2249 ...............
2805 2195 2872 2251 25

500 2281 864 2351 Usucapionis
906 2297 1015 2337 non
1053 2280 1425 2350 praescriptae
1455 2280 1702 2350 exempla
1738 2323 2732 2342 ............
2811 2311 2870 2322 ——

507 2379 717 2438 Usurae
766 2420 779 2435 .
855 2420 867 2433 .
912 2371 919 2376 “
941 2416 2735 2436 .....................
2811 2381 2879 2436 70

502 2516 839 2573 Velleianum
879 2517 932 2572 S.
972 2517 1027 2573 C.
1066 2515 1121 2571 in
1158 2513 1407 2572 anomala
1441 2513 1615 2569 tutela
1652 2530 1762 2570 non
1798 2513 1966 2570 habet
2001 2513 2176 2569 locum
2267 2556 2722 2570 ......
2814 2517 2883 2572 47

502 2612 600 2667 Vis
636 2611 856 2682 publica
892 2611 1039 2683 quid,
1075 2616 1132 2666 et
1167 2626 1307 2681 quae
1341 2609 1458 2678 ejus
1496 2608 1707 2677 species
1827 2650 2729 2666 ...........
2807 2612 2877 2667 69

502 2706 599 2761 Vis
636 2705 851 2776 privata.
886 2703 1017 2775 quid
1053 2709 1109 2759 et
1143 2701 1444 2774 quotuplex
1556 2743 2374 2759 ..........
2412 2741 2420 2749 -
2449 2745 2462 2756 .
2537 2744 2550 2757 .
2626 2743 2638 2757 .
2715 2747 2728 2760 .
2807 2706 2878 2761 7⁰

500 2801 705 2858 Violati
740 2797 1016 2869 sepulchri
1052 2812 1231 2867 poena
1292 2836 2193 2853 ...........
2235 2794 2246 2803 ’
2269 2833 2730 2851 ......
2807 2800 2875 2855 73

701 3102 983 3172 Odbojnici
1022 3104 1192 3172 prava
1232 3103 1315 3171 15,
1359 3098 1619 3168 registiik
1657 3099 1745 3167 53,
1781 3099 2010 3151 nauceni
2043 3101 2130 3169 57,
2183 3084 2352 3154 uutok
2391 3104 2481 3169 61,
2519 3116 2636 3154 moe
2662 3140 2677 3169 ,
2713 3100 2880 3154 kwalt

508 3200 746 3269 weybog,
792 3198 960 3253 autok
1018 3200 1106 3266 69,
1161 3196 1433 3277 weytriny
1489 3192 1708 3262 skutek‚
1746 3196 2070 3261 weytrinost
2113 3198 2200 3262 69,
2253 3192 2396 3261 pych
2443 3195 2527 3260 70,
2585 3192 2738 3247 mord
2813 3199 2874 3255 71

505 3292 723 3348 πηὶᾱει
758 3298 845 3363 71,
882 3292 1150 3362 bezprawj
1191 3293 1275 3346 77.
