3350 5050
544 554 673 626 266
1598 553 1869 608 Stranskii

544 709 723 774 genS,
787 693 1309 759 commendabilis
1366 692 1512 758 olim
1574 694 1747 775 apud
1806 693 2118 760 Proceres
2163 690 2460 774 Bojemos
2517 695 2713 760 etiam
2769 701 2918 776 post

546 786 838 862 mortem,
917 782 1009 846 ita
1076 782 1361 864 ejusdem
1432 780 1533 846 vel
1600 782 1683 846 ad
1752 782 2138 847 breviculum
2213 789 2464 864 tempus
2532 783 2918 850 intermissio

548 868 897 934 Wladislao
945 869 1106 951 Regi
1152 871 1435 950 legitimo
1482 861 1664 948 (ann.
1713 861 1924 952 1511)
1973 871 2284 952 probrosa
2325 871 2462 948 fuit,
2511 891 2631 937 nec
2675 872 2918 953 absque

544 958 1129 1025 obmurmuratione
1162 959 1243 1022 ab
1276 958 1627 1022 Ordinibus
1674 959 2056 1023 dissimulari
2100 958 2205 1023 diu
2237 959 2462 1041 potuit.
2509 959 2918 1026 Intolerabile

546 1046 841 1111 slmiliter
902 1046 1250 1128 majoribus
1310 1045 1667 1122 videbatur,
1731 1048 1786 1111 si
1831 1047 2084 1126 quando
2130 1047 2268 1112 Rex
2315 1047 2614 1128 Bojemus
2661 1048 2917 1113 aliunde

548 1152 737 1214 quam
783 1153 860 1198 ex
892 1134 1295 1199 cancellaria
1326 1133 1651 1213 Bojemica
1701 1137 2002 1198 mandata
2045 1135 2250 1215 Regia
2297 1136 2376 1201 de
2421 1154 2494 1200 re
2543 1153 2917 1216 quacunque

545 1221 745 1287 dabat
808 1224 907 1287 vel
970 1228 1353 1303 potestatem
1416 1225 1661 1302 regiam
1725 1228 1910 1287 extra
1955 1223 2159 1302 Regni
2223 1224 2485 1289 limitem
2545 1223 2912 1291 exercebat.

543 1310 818 1376 Possunt
884 1311 1149 1377 curiosis
1218 1328 1357 1376 esse
1426 1311 1716 1392 exemplo
1785 1312 2087 1375 mandata
2149 1331 2288 1376 cum
2347 1313 2661 1378 Jobannis
2715 1313 2909 1393 Regis

547 1398 1051 1478 Lucenburgica,
1123 1406 1257 1464 tum
1328 1397 1735 1478 Sigismundi,
1809 1399 2267 1479 Wladislaique
2337 1400 2678 1479 Eudemia,
2750 1418 2912 1480 quae

548 1487 959 1554 authoritatis
1027 1486 1315 1552 modicae
1385 1489 1554 1570 apud
1624 1486 1923 1568 populum
1985 1486 2142 1563 fore,
2214 1487 2349 1567 ejus
2395 1488 2703 1570 temporis
2751 1489 2914 1569 opti-

546 1583 751 1642 mates
796 1576 1008 1658 palam
1055 1582 1204 1640 sunt
1248 1575 1607 1654 protestati.
1659 1574 2054 1655 Optimatum
2099 1583 2313 1641 tamen
2364 1578 2502 1641 aevi
2540 1575 2916 1642 recentioris

544 1665 968 1744 conniventia,
1039 1663 1386 1728 discessum
1456 1664 1519 1727 in
1588 1663 1911 1744 plerisque
1980 1669 2081 1728 est
2149 1664 2231 1729 ab
2297 1667 2407 1730 illa
2474 1665 2668 1730 moris
2725 1665 2915 1745 prisci

544 1751 973 1831 observantia,
1036 1758 1437 1833 exceptaque
1484 1752 1731 1831 legibus
1778 1753 1956 1816 novis
2001 1757 2151 1816 sunt
2197 1770 2503 1833 perquam
2553 1771 2778 1833 pauca,
2835 1752 2916 1816 de

548 1839 779 1919 quibus
828 1841 964 1904 Rex
1023 1859 1103 1904 ex
1164 1845 1485 1920 potestate
1545 1840 1730 1919 regia
1791 1839 1909 1904 nisi
1968 1840 2140 1904 intra
2199 1842 2381 1921 regni
2427 1840 2585 1906 fines
2631 1846 2916 1906 statuere

548 1932 819 1992 vetatur.
870 1929 1045 2006 Quae
1095 1947 1233 1992 cum
1276 1929 1367 1993 ita
1396 1929 1545 2007 sint,
1588 1943 1776 1992 nemo
1822 1931 1953 1992 tam
1999 1927 2182 1992 rudis
2227 1929 2468 2009 poterit
2512 1947 2730 1993 rerum
2777 1945 2916 1993 esse

544 2015 938 2094 aestimator,
1002 2016 1109 2095 qui
1164 2015 1478 2095 majorum
1531 2024 1893 2081 nostrorum
1943 2015 2064 2080 hac
2108 2017 2172 2080 in
2218 2035 2292 2081 re
2338 2018 2746 2098 prudentiam
2793 2033 2918 2080 non

543 2105 799 2184 sentiat,
856 2122 1171 2184 quamque
1220 2104 1597 2170 Consistorii
1644 2101 1830 2183 hujus
1876 2104 2040 2168 bene
2088 2105 2382 2170 ordinata
2428 2105 2918 2182 administratio,

544 2211 688 2257 cum
746 2193 905 2272 Regi
976 2193 1099 2273 ipsi
1162 2193 1246 2255 sit
1302 2193 1598 2273 gloriosa,
1667 2197 1800 2257 tum
1869 2192 2218 2256 incolarum
2289 2192 2676 2259 multitudini
2753 2193 2918 2257 omni
3025 2235 3048 2254 .

540 2277 887 2358 fructuosa,
940 2282 1157 2346 videre
1205 2299 1331 2345 non
1380 2286 1593 2360 queat.

1460 2469 1758 2541 CAPUT
1807 2469 2000 2537 XVI.

640 2620 767 2691 De
814 2618 1291 2693 tribunalibus
1324 2618 1493 2717 juri
1540 2618 1855 2692 dicundo
1899 2618 1982 2691 in
2027 2616 2363 2717 Boje‘mia
2409 2616 2814 2691 constitutis.

736 2764 788 2829 I.
838 2766 990 2830 Plus
1037 2783 1225 2845 quain
1272 2765 1471 2830 semel
1516 2766 1757 2830 dictum
1802 2784 1842 2829 a
1871 2765 2054 2829 nobis
2085 2770 2187 2829 est
2223 2760 2272 2843 ¹)
2317 2764 2378 2827 in
2427 2764 2544 2830 hoc
2591 2763 2918 2844 opusculo,

544 2852 841 2933 Bojemos
878 2852 1121 2919 habere
1153 2870 1303 2920 suos
1334 2853 1694 2935 peculiares
1729 2854 1874 2918 inde
1906 2872 1946 2917 a
1977 2854 2323 2934 majoribus
2357 2858 2656 2935 acceptos
2685 2869 2916 2932 mores,

544 2942 856 3020 instituta,
895 2942 1045 3020 ,iura
1091 2948 1158 3007 et
1196 2944 1390 3023 legeS,
1442 2943 1671 3021 quibus
1721 2949 1852 3007 tuin
1903 2961 1942 3005 a
1985 2943 2115 3005 suis
2162 2940 2558 3023 principibus
2605 2946 2676 3003 ut
2717 2939 2916 3003 homi-

547 3046 661 3093 nes
706 3029 917 3109 liberi,
977 3048 1103 3095 non
1149 3036 1223 3094 ut
1266 3030 1455 3110 servi,
1518 3032 1851 3095 moderate
1895 3030 2055 3110 regi,
2111 3036 2266 3108 tum,
2321 3048 2402 3093 ne
2453 3047 2614 3107 vaga
2657 3045 2920 3109 prorsus

546 3136 625 3183 ac
696 3115 1005 3183 infraenis
1082 3118 1283 3184 videri
1352 3117 1557 3198 possit
1623 3118 1890 3183 libertas
1955 3120 2100 3197 ista,
2179 3118 2421 3196 absque
2489 3116 2919 3181 obluctatione

544 3224 779 3287 parere
827 3211 1125 3271 accurate
1162 3210 1601 3271 assueverunt.
1652 3207 1784 3271 Res
1829 3207 1998 3270 enim
2043 3206 2186 3287 ipsa
2231 3206 2368 3269 visa
2413 3205 2538 3270 illis
2583 3209 2682 3269 est
2727 3204 2916 3283 loqui,

542 3294 811 3374 perinde
860 3300 929 3357 ut
976 3312 1247 3376 corpora
1292 3298 1509 3359 nostra
1554 3294 1693 3358 sine
1739 3300 1973 3367 mente,
2034 3295 2124 3359 sic
2181 3294 2506 3359 civitatem
2559 3293 2698 3357 sine
2752 3293 2916 3371 lege,

544 3382 917 3462 neutiquam
967 3383 1087 3447 vim
1138 3383 1376 3463 aliquid
1424 3384 1778 3463 prudenter
1823 3382 2076 3463 agendi,
2125 3381 2357 3447 nedum
2405 3380 2619 3446 nervis
2663 3380 2800 3443 suis
2845 3397 2920 3443 ac

542 3470 851 3551 sanguine
900 3473 1329 3552 membrisque
1379 3471 1657 3537 caeteris
1707 3471 1891 3552 probi
1943 3471 2179 3549 utendi,
2229 3470 2468 3535 habere
2492 3486 2700 3551 posse.
2749 3466 2914 3546 Quo·

544 3558 715 3623 niam
786 3577 939 3624 vero
1014 3560 1231 3641 lingua
1300 3561 1546 3639 pariter
1614 3564 1679 3623 et
1748 3566 1978 3624 natura
2036 3578 2076 3623 a
2123 3561 2586 3627 Germanorum
2633 3555 2918 3622 moribus

542 3646 979 3727 institutisque
1025 3655 1213 3713 erant
1258 3648 1465 3725 alieni,
1530 3647 1675 3711 ideo
1722 3665 1840 3711 nec
1883 3646 2111 3725 forum,
2177 3665 2298 3713 nec
2343 3648 2538 3727 legeS.
2599 3663 2717 3709 nec
2767 3644 2920 3725 jura

544 3754 684 3799 cum
754 3734 878 3799 illis
946 3738 1285 3802 voluerunt
1354 3736 1591 3801 habere
1663 3734 2037 3801 communia.
2108 3736 2292 3799 Domi
2355 3736 2572 3815 itaque
2633 3732 2916 3813 sibiipsi

545 3822 874 3903 paulatim,
938 3825 1351 3890 accommoda
1394 3825 1603 3905 gentis
1648 3824 1859 3903 geni0‚
1919 3842 1996 3887 ex
2059 3823 2225 3905 longi
2283 3822 2594 3903 temporis
2648 3840 2722 3885 ac
2769 3838 2918 3885 usus

543 3910 898 3992 disciplina,
948 3932 1257 3979 consensu
1304 3913 1518 3993 populi
1564 3910 1785 3991 omniS,
1836 3918 2187 3976 sanxerunt
2209 3912 2360 3992 jura
2389 3930 2464 3976 ac
2497 3910 2689 3990 leges
2739 3907 2919 3987 Quae

542 4016 697 4063 sane
759 4004 909 4063 ante
970 4001 1317 4083 Przemysli
1388 4000 1814 4081 principatum
1879 4000 2067 4063 nullis
2124 4000 2330 4064 literiS
2391 3998 2917 4078 comprehensae,

540 4089 676 4152 solo
746 4104 863 4151 usu
932 4089 1367 4167 discebantur,
1438 4094 1523 4167 et,
1594 4089 1746 4168 quia
1812 4105 2175 4168 perpaucae
2245 4094 2447 4167 erant,
2519 4105 2558 4149 a
2596 4086 2918 4164 judicibus

538 4177 847 4241 memoria
904 4177 1075 4243 haud
1137 4176 1480 4242 difficulter
1537 4177 1678 4257 capi
1741 4181 2058 4258 poterant.
2125 4178 2551 4257 Emergentes
2607 4172 2917 4255 temporis

540 4282 885 4345 progressu
935 4284 1119 4332 casus
1167 4266 1347 4346 varii,
1416 4270 1485 4330 et
1528 4264 1812 4330 homines
1859 4282 1974 4329 usu
2023 4266 2220 4329 multo
2267 4264 2524 4329 tandem
2569 4262 2724 4327 facti
2768 4280 2914 4325 etu-

537 4352 820 4433 ditioreS,
881 4360 1243 4434 genuerunt
1298 4374 1378 4419 ex
1436 4353 1684 4435 legibus
1729 4352 1851 4418 illis
1899 4354 2134 4433 paucis
2163 4353 2326 4417 alias
2372 4369 2588 4430 novas,
2651 4368 2918 4416 numero

533 4440 709 4505 haud
752 4441 943 4524 paulo
992 4444 1229 4525 plures,
1290 4460 1528 4522 easque
1586 4443 1652 4506 in
1715 4440 1940 4506 literas
1997 4443 2393 4518 retulerunt;
2462 4441 2691 4521 quibus
2752 4440 2917 4505 bono

740 4589 785 4659 ⁸)
824 4592 958 4658 Cap.
997 4592 1093 4661 111,
1130 4594 1182 4657 ς.
1222 4594 1287 4647 13
1328 4596 1383 4642 et
1418 4606 1540 4657 cap.
1583 4590 1731 4658 VIII,
1771 4590 1820 4655 §.
1859 4592 1892 4645 3
1932 4595 1985 4640 et
2022 4603 2143 4655 cap.
2181 4588 2279 4655 XI,
2315 4590 2364 4655 §-
2403 4592 2452 4645 5.
