3350 5050
557 467 641 540 66
1493 473 1558 530 V.
1597 472 2003 543 Ophffialmius.

747 607 876 674 Per
917 608 1412 692 inquisitionem,
1461 612 1715 692 quando
1756 609 1957 693 judex
2002 627 2347 692 personam
2413 609 2811 676 accusatoris
2868 613 2937 674 et

551 697 785 778 judicis
829 696 1018 764 simul
1061 697 1356 781 sustinet,
1413 703 1482 766 et
1525 700 1620 765 ita
1665 718 1747 765 ex
1792 696 1998 764 officio
2059 704 2288 764 contra
2333 696 2610 777 aliquem
2656 697 2942 778 inquirit.

561 786 706 852 Hoc
751 793 966 852 autem
1011 803 1165 852 casu
1211 805 1476 853 necesse
1524 795 1643 868 est,
1694 795 1917 854 contra
1964 806 2151 869 quem
2197 805 2319 868 per
2348 787 2605 851 modum
2652 790 2944 852 torturae

561 875 925 956 inquiritur,
975 874 1056 939 de
1091 875 1382 941 crimine
1427 893 1570 942 esse
1632 876 2050 958 diffamatum,
2112 881 2181 941 et
2224 876 2396 956 quod
2440 873 2613 940 fama
2672 873 2947 944 traxerit

565 962 878 1044 originem
925 981 964 1028 a
1009 961 1136 1028 fide
1183 963 1391 1046 dignis
1441 965 1612 1032 viris
1661 965 2079 1044 Reipublicae
2126 965 2297 1030 enim
2344 962 2610 1029 multum
2656 962 2941 1032 interest.

563 1051 879 1132 siquidem
923 1069 1004 1115 ea
1046 1051 1112 1116 in
1159 1069 1356 1118 causa
1412 1054 1817 1134 periclitatur
1864 1053 2164 1119 valetudo
2221 1051 2513 1131 hominiS,
2570 1069 2653 1116 ne
2698 1050 2945 1117 levibus

559 1140 642 1204 de
691 1141 902 1205 causis
947 1139 1179 1220 aliquis
1226 1146 1563 1206 accusatus
1603 1146 1719 1207 aut
1762 1147 2115 1223 suspectus,
2167 1147 2459 1206 torturae
2504 1144 2571 1204 et
2618 1139 2941 1218 quaestio·

561 1228 747 1318 nibus
793 1227 1125 1294 subdatur.
1179 1228 1343 1292 Vide
1391 1229 1471 1295 de
1517 1247 1595 1294 eo
1644 1229 1716 1296 S.
1762 1231 1867 1295 19.
1916 1239 1973 1294 et
2020 1229 2087 1296 S.
2134 1229 2236 1296 21.

758 1315 1096 1396 Inquisitio
1143 1323 1256 1381 aut
1313 1323 1413 1382 est
1459 1317 1802 1398 generalis,
1870 1319 2081 1398 quoad
2143 1335 2455 1398 personas
2502 1321 2569 1381 et
2616 1314 2945 1394 delictum,

556 1420 745 1483 quam
815 1403 1059 1470 faciunt
1126 1403 1431 1470 officiales
1498 1406 1562 1470 in
1631 1409 1925 1488 ingressu
1994 1407 2092 1471 sui
2150 1405 2373 1486 officii;
2446 1408 2559 1472 aut
2620 1403 2940 1486 specialis,
3030 1445 3038 1450 -

557 1491 769 1570 quoad
815 1509 1124 1574 personas
1171 1499 1240 1558 et
1284 1494 1537 1559 delicta.

751 1580 826 1644 In
896 1580 1330 1647 criminalibus
1402 1583 1817 1663 probationes
1884 1583 2125 1648 debent
2183 1601 2325 1648 esse
2380 1582 2523 1648 luce
2586 1581 2943 1646 meridiana

565 1666 892 1748 clarioreS,
937 1673 1006 1733 et
1049 1673 1250 1734 testes
1299 1671 1470 1734 omni
1516 1672 1893 1753 exceptione
1938 1671 2215 1750 majores
2260 1661 2395 1752 (M.
2440 1661 2592 1750 23.)
2654 1677 2661 1692 ‘

759 1755 976 1821 Satius
1007 1763 1108 1822 est
1149 1757 1428 1837 relinqui
1473 1758 1852 1839 impunitum
1898 1759 2147 1824 facinus
2178 1757 2485 1839 nocentiS,
2534 1777 2721 1838 quam
2759 1759 2938 1822 inno·

559 1849 810 1910 centem
855 1845 1306 1912 condemnare.
1353 1845 1429 1910 Id
1477 1853 1597 1926 est,
1655 1847 1857 1911 tutius
1900 1854 2021 1926 est,
2082 1866 2163 1912 ex
2222 1847 2616 1912 conscientia
2666 1847 2939 1926 aliquem

560 1932 907 2010 dimittere,
957 1949 1149 2013 quam
1195 1935 1262 1998 in
1309 1933 1501 1999 dubio
1550 1935 1845 2000 occidere
1892 1927 2001 2012 (S.
2047 1933 2156 2000 20.
2206 1931 2381 2000 Dist.
2427 1926 2534 2015 3.)

469 2085 476 2092 ,
753 2019 1122 2086 Notandum
1188 2019 1357 2101 hinc,
1423 2021 1795 2103 praecipitis
1866 2021 2112 2088 consilii
2172 2039 2371 2106 saepe
2434 2021 2744 2088 asseclam
2798 2019 2941 2085 fieri

558 2107 1040 2190 poenitentiam.
1071 2107 1195 2187 Qui
1231 2126 1462 2190 nempe
1495 2111 1620 2176 cito
1647 2109 1919 2190 judicat,
1944 2109 2001 2174 is
2038 2109 2122 2175 ad
2145 2112 2605 2192 poenitentiam
2633 2112 2943 2192 properat

557 2191 686 2278 (M.
740 2185 908 2278 24).
955 2195 1099 2262 Huc
1144 2196 1302 2261 illud
1347 2203 1609 2278 poetae:

935 2307 978 2373 J
980 2309 1259 2374 udicium
1305 2327 1638 2392 praeceps,
1686 2309 1892 2374 insani
1940 2315 2043 2376 est
2077 2309 2311 2389 judicis
2356 2309 2567 2387 index,

933 2395 1168 2463 Omnia
1211 2403 1360 2463 sunt
1402 2397 1609 2479 longis
1657 2398 2063 2464 discutienda
2108 2398 2321 2465 moris,

761 2534 943 2599 Bona
1011 2534 1458 2599 damnatorum
1529 2548 1642 2599 seu
1702 2536 2209 2617 proscriptorum
2272 2550 2398 2599 non
2470 2533 2707 2598 cedunt
2765 2528 2936 2609 fisce,

563 2620 680 2688 sed
722 2626 1139 2687 reservantur
1181 2618 1674 2689 succedentibus
1721 2625 1803 2690 ab
1848 2625 2179 2703 intestato,
2226 2622 2513 2704 exceptis
2561 2618 2935 2701 quibusdem

557 2711 830 2777 casibus.

759 2798 984 2865 Veteri
1021 2796 1170 2880 jure
1215 2800 1382 2865 bona
1425 2816 1669 2880 eorum,
1717 2800 1826 2880 qui
1857 2799 2249 2866 conscientia
2294 2798 2513 2877 delati,
2546 2795 2933 2877 admissique

557 2886 844 2954 criminis
911 2892 1090 2952 metu
1149 2886 1402 2953 futurae
1465 2888 1823 2953 sententiae
1880 2906 2107 2953 manus
2165 2886 2289 2953 sibi
2346 2885 2717 2965 intulerant,
2778 2883 2933 2949 fisco

557 2974 1080 3041 vendicabantur.

755 3062 934 3142 Quae
1002 3064 1130 3131 sint
1195 3060 1574 3132 delictorum
1641 3064 1890 3147 species
1948 3071 2015 3130 et
2078 3065 2305 3144 quibus
2360 3063 2585 3145 poenis
2644 3056 2933 3141 singulae

509 3216 522 3225 ,
561 3149 985 3233 vindicentur,
1030 3150 1194 3219 haec
1237 3152 1456 3219 tabula
1501 3154 1933 3224 demonstrat:

1236 3290 1449 3355 rabula
1482 3294 1547 3356 de
1582 3295 1861 3371 speciebus
1898 3296 2235 3355 seuam.

2074 3414 2283 3469 Laesae
2301 3411 2627 3480 Majestatis,
2664 3404 2937 3473 adulterii,

2146 3486 2246 3541 sub
2266 3502 2372 3555 quo
2393 3490 2639 3552 stuprum
2662 3486 2716 3533 et
2740 3484 2931 3546 raptus

2075 3558 2172 3613 Vis
2211 3556 2482 3626 publicae,
2520 3554 2765 3623 privatae

1710 3668 1747 3721 d
1794 3666 1846 3719 d·
2072 3630 2253 3685 illiciti
2288 3627 2462 3682 mutui
2500 3632 2556 3679 et
2591 3624 2913 3692 partitorum

1673 3686 1709 3723 ⁸
1832 3682 2004 3733 περ’
2074 3700 2379 3768 Homicidii,
2400 3698 2505 3753 sub
2524 3713 2631 3766 quo
2658 3691 2935 3762 parricida·

1501 3595 1741 3677 publica,
1776 3611 2004 3664 quorum

1528 3683 1623 3733 Jus

1039 3769 1333 3841 ordinaria,
1537 3746 1797 3824 tat¹⁰3¹fi³m
1826 3742 2004 3821 “⁸²9⁸
2074 3773 2397 3829 violationis
2436 3768 2845 3837 sepulchrorum

948 3841 1004 3894 in
1042 3842 1238 3911 quibus
1276 3848 1426 3897 cena
1539 3812 1745 3934 Pssst’h‘?
1812 3808 2004 3878 “³⁰⁶¹‘’
2070 3846 2219 3901 Falsi

607 3908 823 3965 Delicta
938 3928 1114 3980 poena
1149 3912 1270 3981 lege
1310 3930 1434 3968 con·
1541 3896 1574 3933 ¹¹
1637 3896 1839 3937 ‘mmm
2072 3918 2324 3975 Ambitus

585 3986 713 4035 sunt
748 3988 843 4036 aut
948 3983 1190 4040 stituitm·
1223 3986 1327 4053 (M.
1367 3990 1418 4043 3.
2071 3989 2474 4059 Receptationis
2516 3988 2785 4041 latronum

947 4061 1003 4108 et
1041 4060 1124 4113 19.
1162 4058 1303 4113 Dist.
1345 4060 1423 4127 2.)
2071 4062 2355 4117 Etrietatis

1499 4241 1782 4379 Ρξξῖῗξέθ
1804 4240 2001 4366 Ψζᾞξξ
2070 4204 2452 4359 ἷὲἑἚίιῑῗέἑῗ
2488 4220 2597 4329 331?
2620 4201 2927 4400 {Axilla

2072 4344 2929 4489 ..τ’

995 4126 1070 4180 Et
1105 4136 1233 4183 sunt
1269 4137 1365 4183 aut

886 4128 911 4556 Ι
1533 4454 1769 4523 'nodum’
1806 4460 1867 4508 ¹¹⁸
2146 4498 2201 4544 et
2238 4490 2579 4547 contumelia.
