3350 5050
567 478 696 547 244
1631 478 1901 533 Stranskii

549 614 760 682 adhuc
827 614 1198 697 superstite,
1273 614 1524 679 Wlasta
1594 632 1901 680 amazona
1972 615 2405 695 sanguinaria,
2492 618 2723 695 postea
2794 633 2945 680 vero

553 702 969 770 wenceslaus
999 710 1424 783 cognomento
1453 701 1726 768 Sanctus
1752 694 1849 781 (l),
1898 708 1968 768 ut
2004 708 2069 766 et
2104 720 2303 783 nepos
2338 701 2477 781 ejus
2510 720 2589 767 ex
2624 701 2753 767 filia
2780 702 2942 783 Imp.

558 792 848 872 CaroluS‚
895 790 1017 855 illis
1063 793 1401 870 obrogare,
1451 797 1518 855 et
1564 809 1732 869 suas,
1782 790 2029 856 Wlasta
2063 790 2413 856 muliebres
2458 781 2643 869 (ann.
2672 800 2949 874 praeter

553 888 833 965 propter
905 874 1094 960 628),
1178 878 1592 944 wenceslaus
1669 879 2046 960 peregrinas
2120 868 2308 959 (ann.
2388 870 2599 960 1295)
2676 880 2949 943 Carolus

561 968 905 1034 illiberales
973 960 1159 1048 (ann.
1237 956 1469 1051 1348),
1537 967 1774 1048 populo
1844 986 1961 1048 pro
2032 969 2109 1032 iis
2178 971 2506 1031 tentarent
2575 966 2949 1044 obtrudere,

555 1057 798 1122 frustra
853 1056 1116 1123 fuerunt
1176 1074 1253 1121 ac
1312 1056 1563 1120 nonnisi
1629 1056 1898 1120 laterem
1960 1056 2267 1121 laverunt.
2342 1054 2587 1119 Wlasta
2654 1054 2952 1120 videlicet

559 1162 726 1225 suas,
795 1146 862 1211 in
933 1145 1266 1211 commisso
1336 1143 1524 1224 paulo
1594 1148 1743 1224 post
1810 1162 1951 1226 cum
2018 1142 2365 1226 l'rzemysli
2434 1143 2637 1223 copiis
2702 1144 2949 1223 praelio

559 1238 844 1313 cruento,
893 1232 1206 1313 sanguine
1235 1231 1376 1311 ipsa
1407 1249 1520 1297 suo
1555 1232 1823 1309 delevitr,
1876 1232 2321 1299 Wenceslaum
2349 1249 2569 1310 regem
2602 1232 2947 1312 optimates

559 1322 800 1386 acriter
857 1324 1210 1402 propterea
1269 1321 1713 1400 increparuntr,
1780 1326 1849 1384 et
1894 1320 2160 1387 Carolus
2206 1320 2365 1402 Imp.
2427 1318 2711 1384 codicem
2766 1336 2949 1385 suum

559 1408 718 1490 ipse,
769 1427 912 1476 cum
957 1408 1161 1473 fratre
1195 1406 1586 1485 marchione,
1637 1406 1854 1474 volens
1886 1411 2107 1475 nolens
2138 1400 2320 1488 (ann.
2359 1397 2573 1488 1355)
2604 1409 2947 1473 revocavit.

561 1496 748 1575 Quod
780 1514 934 1562 vero
965 1495 1415 1562 Ferdinandus
1443 1496 1494 1560 I.
1529 1486 1713 1574 (ann.
1746 1490 1957 1577 1547)
1990 1502 2138 1579 post
2168 1497 2403 1561 bellum
2436 1494 2949 1565 Sinalcaldicum,

555 1590 631 1647 'et
703 1584 1148 1650 Ferdinandus
1218 1584 1301 1649 ΙΙ.
1373 1575 1557 1659 (ann.
1638 1577 1849 1664 1627)
1928 1585 2200 1651 necdum
2276 1602 2476 1665 regno
2546 1584 2736 1665 plene
2806 1593 2952 1664 post

563 1672 880 1754 praelium
941 1670 1511 1738 Albo-Montanum
1575 1679 1825 1754 pacat0,
1890 1679 2142 1739 veteres
2204 1672 2419 1754 populi
2466 1672 2711 1751 Bojemi
2776 1673 2949 1751 leges

569 1780 686 1841 pro
733 1760 1002 1829 arbitrio
1047 1761 1540 1842 interpolarunt,
1589 1760 1742 1826 belli
1778 1762 1927 1841 jure
1973 1768 2040 1826 et
2086 1762 2315 1826 armati
2361 1760 2672 1825 fecerunt.

755 1889 872 1955 III.
920 1890 1205 1971 Legibus
1249 1909 1440 1970 porro
1488 1892 1804 1955 communi
1849 1910 1991 1956 cum
2039 1891 2325 1972 principe
2382 1907 2695 1954 consensu
2745 1889 2941 1953 semel

562 1978 856 2061 receptiS,
921 1983 993 2045 ut
1052 1984 1119 2043 et
1176 1980 1486 2043 institutis
1541 1996 1619 2043 ac
1661 1981 1828 2045 mori
1887 1980 2099 2061 prisco
2147 1979 2422 2056 tuendiS,
2486 1976 2948 2042 conservandis

559 2086 678 2132 nec
735 2066 851 2131 illa
897 2068 1130 2148 privati
1176 2066 1550 2147 quusquam
1607 2068 2163 2148 praevaricatione
2226 2064 2583 2143 turbandiS,
2646 2065 2945 2129 custodes

558 2156 656 2220 sui
705 2174 743 2221 a
792 2154 1112 2219 veteribus
1159 2146 1353 2232 (sicut
1401 2154 1552 2219 alibi
1599 2150 1899 2233 diximus)
1958 2149 2024 2235 ¹),
2088 2160 2235 2233 sunt
2281 2154 2629 2221 constituti.
2700 2153 2820 2217 viri
2868 2171 2943 2218 ex

563 2242 934 2308 melioribus
991 2242 1364 2322 prudentes,
1428 2242 1683 2324 patriae
1732 2249 2019 2307 amantes
2067 2251 2134 2307 et
2184 2242 2537 2321 vigilantes,
2614 2241 2947 2321 Principes

561 2332 758 2397 etiam
804 2331 926 2411 ipsi
970 2330 1038 2394 in
1085 2331 1580 2413 inauguratione
1627 2332 1895 2411 quisque
1942 2348 2077 2409 sua,
2124 2332 2204 2395 ad
2254 2331 2487 2394 seriem
2526 2346 2749 2394 earum
2784 2330 2949 2393 sicut

559 2419 1052 2500 observantiam,
1102 2420 1193 2483 ita
1241 2427 1307 2483 et
1353 2418 1790 2485 defensionem
1821 2423 2207 2490 accuratam,
2256 2423 2660 2481 sacramento
2700 2419 2950 2497 pariter

559 2514 627 2574 et
671 2507 965 2573 cautione
1022 2505 1316 2573 literaria
1377 2507 1689 2589 hactenus
1750 2506 2017 2588 astringi
2075 2512 2226 2572 sunt
2270 2505 2458 2571 soliti.
2528 2505 2616 2569 Et
2663 2506 2951 2585 quamvis

561 2589 762 2677 (quod
809 2595 890 2660 ad
937 2595 1250 2676 privatum
1290 2596 1398 2676 jus
1444 2596 1963 2661 concernentium
2008 2595 2221 2676 legum
2269 2593 2621 2659 custodiam
2664 2587 2947 2672 attinet),

559 2684 854 2750 custodes
898 2682 990 2747 illi
1037 2674 1240 2759 (velut
1268 2690 1335 2750 et
1365 2684 1542 2764 leges
1571 2679 1781 2766 ipsae)
1828 2685 1958 2750 sint
2002 2683 2267 2750 discreti
2322 2701 2398 2747 ac
2446 2681 2717 2763 proinde
2765 2684 2949 2762 regni

557 2773 878 2854 primores
926 2773 1156 2838 saltem
1200 2775 1266 2838 in
1313 2771 1684 2854 nobilitatis,
1756 2771 2020 2852 Majoris
2070 2790 2223 2838 vero
2270 2770 2522 2851 Pragae
2568 2774 2835 2834 senatus
2881 2771 2947 2834 in

561 2860 947 2940 municipum
997 2865 1192 2940 atque
1237 2859 1639 2941 plebejorum
1684 2859 1827 2925 foro
1873 2861 2259 2926 usitatarum
2306 2859 2518 2940 legum
2558 2858 2945 2924 'tuendarum

561 2967 641 3013 ac
671 2947 1302 3028 interpretandarum
1336 2967 1557 3013 curam
1577 2947 1931 3029 jubeantur
1960 2966 2223 3028 gerere:
2273 2949 2353 3012 de
2382 2946 2711 3028 republica
2735 2950 2945 3010 tamen

559 3037 773 3117 patria
805 3053 881 3100 ac
906 3033 1054 3114 jure
1087 3034 1224 3115 ejus
1258 3036 1512 3117 publico
1547 3036 1733 3115 lataS,
1780 3037 1967 3116 longo
2015 3055 2133 3102 usu
2172 3036 2307 3116 jam
2356 3037 2502 3099 olim
2543 3035 2950 3099 confirmatas

558 3125 756 3204 legeS,
803 3131 934 3188 tam
981 3123 1069 3202 hi,
1119 3141 1305 3202 quam
1351 3124 1444 3188 illi
1490 3130 1962 3188 consueverunt
2007 3130 2438 3204 tenenturque
2483 3141 2685 3204 opera
2729 3128 2951 3187 mutua
3002 3203 3011 3208 .

560 3229 972 3294 propugnare
1020 3204 1096 3290 ²).
1145 3213 1416 3293 Semper
1465 3217 1681 3277 autem
1726 3213 2077 3292 majoribus
2122 3213 2188 3277 id
2235 3229 2430 3277 curae
2474 3209 2614 3289 fuit,
2662 3215 2734 3275 ut
2771 3210 2950 3290 leges

558 3317 710 3364 suas
771 3319 810 3364 a
855 3298 1368 3380 promulgatione
1413 3300 1653 3378 statim,
1725 3301 1858 3366 sive
1918 3300 2233 3365 volumine
2294 3301 2428 3364 sive
2492 3299 2709 3363 codice
2771 3303 2948 3363 certo

561 3387 1078 3470 comprehensas,
1110 3389 1174 3452 in
1206 3387 1592 3453 membranis
1623 3388 1985 3453 luculenter
2015 3387 2477 3468 describerent,
2518 3385 2949 3466 religioseque

559 3495 699 3541 cum
761 3477 946 3556 regni
1007 3476 1430 3541 monumentis
1489 3475 1768 3542 caeteris
1818 3478 1877 3540 iu
1927 3475 2179 3541 scriniis
2224 3479 2579 3540 servarent.
2656 3475 2751 3539 Ne
2797 3492 2951 3538 vero

561 3565 852 3629 occultae
900 3561 1124 3628 haberi
1183 3564 1558 3629 viderentur
1589 3565 1689 3629 vel
1728 3565 1911 3645 vulgo
1942 3564 2229 3644 ignorari
2261 3569 2543 3644 possent,
2593 3563 2947 3644 temporius

561 3668 674 3716 eas
736 3652 812 3717 ad
880 3669 1061 3716 usum
1122 3652 1544 3717 multitudinis
1596 3653 2000 3734 promiscuae
2047 3651 2463 3734 publicabant
2508 3667 2585 3716 ac
2627 3651 2693 3715 in
2741 3650 2947 3715 lucem

560 3740 821 3804 dabant.
891 3741 946 3804 A
1003 3740 1471 3805 recentioribus
1541 3741 1770 3805 ordine
1828 3739 2157 3804 literarum
2220 3737 2624 3820 alphabetico
2692 3736 2949 3802 fuerunt

561 3828 926 3905 distinctae,
1002 3825 1564 3908 provincialesque
1633 3845 1749 3894 seu
1818 3829 2193 3893 Ten-estres
2268 3846 2467 3908 supra
2542 3828 2944 3907 quingentaS,

561 3915 988 3996 Municipales
1035 3933 1231 3996 supra
1276 3921 1636 3997 nongentas
1684 3917 1914 3982 factae.
1978 3915 2105 3982 Uni
2154 3921 2369 3980 autem
2419 3915 2649 3994 cuique
2694 3915 2944 3994 literae,

559 4003 706 4067 huic
735 4002 974 4085 plureS,
1024 4003 1115 4069 illi
1145 4004 1481 4084 pauciores
1515 4009 1663 4069 sunt
1695 4003 2044 4084 subjectae.
2090 4003 2197 4068 Sic
2225 4002 2697 4084 recognitarum
2730 4003 2941 4082 legum

560 4092 847 4157 codicem
892 4091 1262 4156 innovatum
1308 4109 1384 4156 ac
1434 4092 1676 4158 editum
1724 4092 2009 4172 legimuS,
2075 4090 2478 4157 terrestrium
2528 4091 2783 4170 quidem
2828 4091 2946 4154 sub

559 4179 892 4244 Sobieslao
951 4179 1154 4260 Duce,
1217 4181 1497 4260 itemque
1569 4181 1687 4245 sub
1744 4179 2035 4245 Johanne
2094 4181 2189 4246 Re
2234 4199 2292 4260 e,
2362 4197 2553 4244 manu
2615 4179 2943 4260 scriptum,

559 4267 676 4332 sub
719 4267 1068 4334 Wladislao
1099 4267 1206 4347 11.,
1259 4267 1664 4334 Ferdinando
1697 4275 1744 4338 Ι.
1796 4259 1978 4350 (arm.
2019 4269 2193 4334 1549
2276 4274 2344 4333 et
2390 4267 2828 4332 Maximiliano
2858 4265 2944 4331 11.

763 4505 808 4572 Ι)
845 4503 979 4570 Cap.
1015 4501 1112 4570 XI,
1147 4505 1201 4569 §-
1239 4505 1289 4560 5.
1365 4505 1416 4571 ²)
1455 4505 1556 4558 Jus
1595 4503 1883 4558 Ten-estre
1922 4519 2015 4556 seu
2060 4503 2299 4558 Provinc.
2340 4505 2405 4559 1).
2442 4508 2533 4561 49.
