3350 5050
15 1901 37 2472 Ὓ-Ἷ--Ἦ-ψ-,ν--Ἷ--ι-ρῖ
16 1883 19 1886 -
15 1535 29 1868 rr-r—vv———v
16 1479 24 1514 v-
16 1375 21 1460 —v—-
16 1323 20 1360 v-

1481 555 1585 608 Tit.
1625 555 1799 609 xxn.
2745 555 2823 622 41

645 694 1024 774 Impuberes
1067 694 1220 767 licet
1263 693 1520 775 nuptias
1579 693 1959 758 contrahere
2009 711 2131 757 non
2181 691 2448 773 possint,
2508 689 2833 769 sponsalia

455 790 675 848 tamen
739 783 903 846 bene
962 789 1226 862 possunt
1283 788 1428 862 post
1497 783 1835 863 septimum
1899 781 2134 846 aetatis
2184 799 2433 857 annum,
2498 777 2619 843 nisi
2662 777 2831 842 forte

451 871 702 936 malicia
751 870 1053 951 suppleat
1097 877 1398 935 aetatem.

653 972 858 1050 Quum
906 973 1167 1053 nuptiae
1213 973 1340 1036 rite
1389 977 1760 1036 contractae
1808 991 1933 1035 non
1982 971 2417 1036 dissolvuntur
2460 973 2583 1036 nisi
2628 978 2831 1037 morte

449 1059 728 1124 naturali
799 1064 911 1124 aut
978 1059 1286 1140 divorti0,
1359 1060 1601 1141 placuit
1673 1060 1774 1124 hic
1846 1059 2416 1138 quoque‘divortii
2483 1062 2694 1125 ideam
2766 1070 2833 1125 et

451 1167 814 1229 processum
889 1148 1287 1213 subnectere.
1383 1148 1606 1226 Quoad
1674 1154 1945 1212 mortem
2017 1146 2287 1211 Sanctus
2360 1148 2593 1212 Paulus
2655 1147 2830 1227 dicit,

451 1237 616 1316 quod
667 1243 916 1301 mortuo
979 1237 1228 1314 marim,
1292 1255 1451 1300 uxor
1512 1237 1595 1300 sit
1651 1237 1791 1316 lege
1855 1236 2067 1299 mariti
2132 1235 2359 1314 soluta,
2424 1242 2493 1301 et
2551 1237 2829 1300 nubendi

451 1325 554 1388 cui
603 1323 754 1388 velit
799 1325 864 1388 in
912 1324 1202 1402 Domin0‚
1251 1324 1491 1388 habeat
1537 1324 1803 1390 liberam
1858 1324 2247 1388 facultatem.

651 1425 1006 1491 Divortium
1037 1425 1110 1489 fit
1143 1432 1414 1506 quatuor
1459 1445 1536 1489 ex
1569 1428 1798 1491 causis.
1846 1427 2062 1492 Primo
2104 1433 2374 1508 propter
2405 1427 2829 1504 adulterium3

449 1534 596 1580 nam
667 1516 720 1579 si
786 1515 1056 1578 maritus
1106 1515 1389 1578 convinci
1450 1520 1664 1592 potest
1724 1517 1801 1580 dc
1861 1515 2201 1593 adulteri0‚
2262 1535 2419 1582 uxor
2478 1515 2674 1581 habet
2726 1516 2832 1592 jus

457 1603 717 1684 petendi
762 1602 1123 1682 divortium,
1174 1609 1239 1666 et
1286 1622 1320 1667 e
1371 1609 1610 1667 contra.

647 1705 910 1784 Excipe.
968 1703 1021 1770 1.
1070 1705 1138 1769 Si
1186 1705 1455 1770 maritus
1506 1722 1754 1783 quoque
1802 1705 2189 1772 adulterium
2242 1705 2585 1783 commisit;
2650 1705 2835 1786 paria

375 1867 380 1872 p
451 1793 618 1856 enim
669 1793 906 1858 delicta
953 1794 1098 1873 pari
1149 1796 1664 1873 compensatione
1715 1793 2041 1858 tolluntur.

650 1877 710 1946 2.
761 1879 828 1944 Si
876 1882 1144 1946 maritus
1192 1899 1452 1945 uxorem
1503 1899 1683 1946 suam
1731 1881 2081 1962 prostituit.

645 1967 705 2034 3.
756 1969 823 2034 Si
871 1988 1028 2033 uxor
1077 1989 1195 2050 per
1245 1967 1363 2032 vim
1413 1969 1608 2033 fuerit
1653 1987 1981 2050 oppressa.

649 2053 708 2122 4.
762 2057 828 2122 Si
877 2076 1034 2122 uxor
1083 2057 1334 2138 cognita
1395 2056 1590 2121 fuerit
1635 2057 1719 2121 ab
1770 2057 2000 2138 aliquo,
2067 2077 2253 2137 quem
2320 2057 2629 2123 credebat
2690 2075 2833 2121 esse

450 2144 780 2226 proprium
830 2147 1148 2210 maritum.

650 2229 709 2297 5.
759 2233 824 2296 Si
859 2253 1018 2298 uxor
1049 2233 1343 2314 nupserit
1375 2233 1582 2310 alteri,
1615 2233 1889 2297 credens
1923 2235 2218 2299 maritum
2253 2253 2394 2300 esse
2428 2234 2832 2310 defunctum;

451 2337 596 2385 nam
645 2323 862 2400 priore
926 2341 1187 2386 reverso
1237 2322 1487 2400 cogitur
1534 2321 1615 2384 ad
1663 2341 1810 2386 eum
1879 2323 2097 2386 redire
2157 2329 2221 2386 et
2266 2323 2569 2387 deserere
2616 2329 2831 2402 poste-

455 2408 711 2487 riorem,
760 2427 883 2474 non
933 2413 1229 2475 obstante
1279 2408 1630 2489 adulterim
1698 2427 1899 2488 secus,
1949 2411 1999 2473 si
2048 2411 2325 2475 scienter
2370 2417 2515 2492 post
2556 2409 2831 2475 reditum

451 2496 687 2577 prioris
735 2499 903 2579 apud
954 2498 1376 2579 posteriorem
1425 2497 1728 2563 maritum
1776 2500 2224 2580 permanserit.

658 2584 715 2650 (ἰ.
771 2588 838 2651 Si
885 2588 1054 2651 inter
1083 2586 1341 2651 fidelem
1375 2590 1441 2649 ct
1473 2586 1789 2651 infidelem
1832 2586 2019 2651 fieret
2063 2588 2404 2654 divortium
2452 2595 2519 2654 et
2565 2586 2839 2653 infidelis

451 2680 600 2739 ante
649 2675 965 2739 secundas
1008 2677 1265 2755 nuptias
1307 2680 1813 2751 converteretur,
1863 2681 2014 2740 tunc
2062 2694 2101 2739 a
2144 2676 2315 2741 fideli
2362 2678 2565 2758 recipi
2625 2676 2834 2741 debet.

647 2760 708 2823 7.
758 2762 822 2825 Si
876 2762 1172 2827 adulteia
1225 2760 1681 2827 rec·on‹ilietur
1730 2763 1862 2858 viro
1925 2782 2056 2844 suo,
2107 2766 2210 2843 qui
2261 2785 2399 2830 eam
2467 2771 2615 2846 post
2662 2783 2830 2829 com-

451 2834 710 2914 missum
761 2850 1146 2915 adulterium
1197 2852 1276 2914 ad
1326 2868 1394 2912 se
1442 2851 1732 2931 recipiat

653 2951 947 3016 Secundo
1002 2951 1074 3017 fit
1121 2954 1459 3018 divortium
1527 2956 1795 3031 propter
1852 2952 2294 3020 diversitatem
2353 2957 2716 3037 religionis3
2780 2956 2833 3019 si

452 3038 620 3103 enim
683 3041 848 3105 alter
893 3040 1164 3120 conjunx
1213 3040 1546 3105 doctrinae
1595 3058 1787 3103 verae
1836 3041 2147 3106 ecclesiae
2193 3043 2388 3108 fuerit
2430 3044 2653 3123 hostiS,
2717 3062 2835 3109 nec

459 3127 612 3191 velit
660 3129 972 3209 converti,
1021 3134 1153 3193 tum
1202 3136 1344 3194 orta
1377 3129 1548 3192 inter
1595 3125 1902 3207 conjuges
1950 3129 2343 3196 dissensione
2376 3137 2642 3213 propter
2687 3130 2833 3196 reli-

457 3217 730 3296 gionem,
803 3221 1062 3281 mutuae
1124 3216 1628 3282 reconciliationi
1689 3234 1812 3279 non
1872 3223 1972 3282 est
2027 3218 2224 3286 locus,
2287 3222 2667 3300 praesertim
2732 3220 2837 3286 ubi

453 3303 727 3368 infidelis
789 3304 946 3369 nolit
1017 3306 1289 3385 amplius
1351 3304 1729 3369 cohabitare
1791 3304 1983 3383 fideli,
2047 3308 2159 3371 sed
2231 3307 2521 3374 discedat
2582 3308 2665 3372 ab
2727 3327 2835 3382 eo:

453 3397 606 3455 tunc
675 3392 1036 3458 admittitur
1106 3394 1471 3471 divortium,
1543 3392 1995 3473 innocentique
2072 3397 2265 3460 datur
2323 3397 2594 3462 facultas
2664 3396 2835 3461 aliud

455 3480 928 3544 matrimonium
979 3499 1060 3545 ex
1107 3482 1426 3546 sententia
1473 3478 1656 3542 Pauli
1708 3474 1765 3541 1.
1816 3480 2106 3547 Corinth.
2155 3481 2214 3548 7.
2265 3483 2703 3551 contrahendi.

647 3580 890 3661 Tert10‚
939 3588 1207 3663 propter
1251 3582 1664 3662 frigiditatem
1722 3576 2273 3663 et'impotentiam
2324 3586 2593 3651 coeundi
2652 3590 2836 3649 natu-

448 3668 672 3749 ralem,
737 3686 862 3733 non
926 3676 1141 3736 autem
1207 3670 1688 3735 accidentalem.
1752 3669 1841 3733 Et
1888 3669 2005 3734 hoc
2053 3691 2205 3737 casu
2256 3692 2380 3738 non
2451 3674 2646 3738 debet
2690 3672 2836 3739 fieri

451 3755 764 3836 sejunctio
812 3775 886 3821 re
934 3758 1140 3823 adhuc
1186 3758 1400 3836 dubia,
1452 3764 1602 3822 ante
1649 3757 2024 3823 triennium:
2074 3763 2186 3825 sed
2238 3762 2456 3843 elapso
2489 3763 2836 3827 constituto

448 3850 764 3925 tempore,
797 3844 849 3907 si
883 3846 1224 3911 medicatio
1259 3846 1503 3909 frustra
1537 3850 1847 3923 tentatur,
1881 3844 2052 3911 facta
2082 3852 2513 3929 separatione,
2538 3868 2835 3931 persona,

443 3931 627 4010 cujus
662 3934 830 3997 vires
877 3933 1172 4013 integrae
1220 3938 1394 4011 sunt,
1433 3933 1605 3997 aliud
1657 3934 2040 3999 contrahere
2072 3938 2544 4002 matrimonium
2575 3940 2833 4018 poterit.

640 4034 760 4112 Qui
806 4036 1134 4101 contrahit
1181 4035 1463 4101 scienter
1526 4054 1665 4101 cum
1720 4037 2058 4116 impotenti
2122 4038 2201 4102 ad
2251 4040 2564 4120 copulam,
2630 4041 2709 4105 ab
2759 4060 2837 4105 ea

453 4140 580 4186 non
627 4129 990 4202 separatur.
1042 4124 1368 4205 Impotens
1419 4124 1502 4188 ad
1551 4124 1870 4203 copulam,
1919 4124 2237 4206 impotens
2299 4134 2399 4193 est
2444 4134 2512 4193 et
2556 4128 2636 4191 ad
2686 4146 2829 4194 con-

443 4209 825 4274 trahendum
895 4212 1392 4292 matrimonium,
1457 4212 1589 4278 sive
1656 4213 1739 4276 sit
1798 4212 2325 4293 impedimentum
2388 4218 2623 4281 aetatis
2702 4218 2835 4281 sive

443 4302 729 4364 naturae.

641 4384 906 4466 Quarto,
961 4388 1014 4453 si
1062 4389 1226 4454 alter
1271 4390 1612 4470 conjugum
1665 4387 1855 4453 alteri
1918 4391 2213 4459 continue
2260 4398 2531 4458 mortem
2594 4392 2832 4459 machi-

455 4478 664 4539 netur.
737 4474 865 4539 Sed
935 4474 1052 4540 hoc
1125 4496 1278 4543 casu
1347 4495 1500 4557 pars
1569 4478 1873 4541 innocens
1942 4497 2068 4543 non
2138 4486 2353 4560 potest
2420 4482 2698 4551 transire
2756 4482 2837 4551 ad

451 4562 732 4627 secunda
783 4568 949 4645 vota,
995 4564 1118 4628 nisi
1165 4572 1311 4648 post
1358 4570 1628 4631 mortem
1679 4564 1885 4647 partis
1933 4569 2240 4633 nocentis.
