3350 5050
525 485 608 568 72
1456 485 1539 552 V„
1563 480 1964 554 ophthalmium.

725 621 807 685 It.
857 622 1006 686 Vim
1053 623 1117 688 vi
1159 621 1310 702 jura
1357 623 1589 702 sinunt,
1637 622 2060 702 fraudemque
2104 619 2423 702 repellere
2465 621 2720 702 fraude,

727 709 1173 791 Exemploque
1219 710 1369 776 licet
1413 711 1638 776 ludere
1685 728 2000 791 quemque
2046 728 2182 777 suo.

730 841 820 905 Et
864 842 974 907 illa
1021 819 1371 922 CiceroniS‚
1417 861 1583 923 quae
1629 861 1829 925 supra
1860 841 1984 906 Tit.
2033 842 2114 907 de
2144 840 2226 906 Vi
2270 841 2528 922 publica
2574 843 2921 922 posuimus,

736 950 875 1016 Nec
935 951 990 1016 is
1036 970 1310 1034 poenam
1357 952 1686 1018 homicidii
1732 953 2024 1032 sustinet,
2086 951 2193 1032 qui
2238 969 2362 1017 non
2411 950 2757 1032 voluntate,
2808 951 2925 1016 sed

533 1057 693 1105 casu
738 1037 1026 1121 fortuito,
1091 1059 1167 1105 eo
1229 1041 1516 1107 locorum
1575 1041 1686 1106 ubi
1746 1037 2109 1107 hominibus
2170 1040 2379 1104 aditus
2446 1044 2547 1104 est
2612 1040 2923 1119 reclusuS,

539 1129 817 1207 aliquem
886 1127 1252 1208 interficiat,
1322 1128 1474 1194 licet
1539 1129 1915 1211 pecuniaria
1978 1125 2218 1194 mulcta
2288 1131 2586 1192 teneatur
2663 1120 2793 1209 (M.
2858 1131 2917 1193 6.

535 1215 712 1282 Diet.
761 1217 818 1282 4.
871 1215 1115 1312 N.‘46.
1165 1215 1338 1283 Diet.
1391 1208 1492 1299 1.)

747 1319 1008 1401 Excipe,
1056 1319 1110 1384 si
1157 1320 1222 1383 in
1254 1320 1360 1383 via
1404 1319 1664 1400 publica
1710 1323 1821 1383 aut
1850 1319 2012 1399 vico,
2062 1337 2191 1398 qua
2230 1317 2519 1385 homines
2568 1324 2923 1398 transeunt,
3014 1308 3020 1312 ’

545 1427 698 1472 casu
743 1405 1009 1472 fortuito
1056 1407 1193 1472 sine
1239 1406 1385 1473 dolo
1435 1426 1622 1487 quem
1669 1406 1988 1487 occidisti;
2038 1406 2189 1473 licet
2233 1407 2510 1472 occisum
2558 1413 2753 1473 antea
2798 1426 2923 1472 non

547 1494 806 1574 videris,
855 1500 1073 1561 tamen
1120 1496 1347 1578 culpae
1392 1495 1723 1561 homicidii
1767 1513 1917 1560 reus
1964 1514 2036 1560 es
2078 1485 2204 1576 (N.
2254 1486 2404 1577 47.)

741 1596 811 1662 Si
859 1598 1042 1677 baro,
1087 1615 1285 1678 eques
1321 1596 1422 1662 vel
1469 1597 1626 1663 civis
1673 1597 1867 1662 alicui
1896 1596 2151 1663 domino
2191 1599 2514 1663 subditum
2558 1596 2925 1666 interficiat.

543 1687 892 1752 mulctatur
921 1685 1228 1752 trecentis
1273 1685 1609 1766 sexagenis
1655 1703 1881 1767 gross,
1934 1703 2205 1769 quarum
2250 1687 2417 1752 duae
2453 1691 2674 1768 partes
2703 1685 2927 1751 liberis

549 1775 649 1842 vel
713 1773 935 1839 amicis
991 1773 1205 1855 occisi,
1269 1775 1470 1842 tertia
1515 1792 1668 1838 vero
1732 1773 1986 1839 domino
2048 1773 2295 1840 directo
2360 1773 2787 1855 adjudicatur.
2860 1771 2925 1836 Si

535 1869 764 1937 ,autem
797 1867 995 1927 totam
1029 1880 1338 1927 summam
1373 1861 1663 1927 dominus
1710 1861 2031 1928 interfecti
2062 1862 2232 1943 apud
2281 1881 2351 1928 se
2381 1863 2637 1942 retinet,
2670 1866 2927 1927 tenetur

543 1951 902 2032 conjugem,
967 1949 1207 2015 liberos
1276 1950 1377 2015 vel
1445 1951 1685 2014 amicos
1755 1950 2082 2016 interfecti
2148 1952 2625 2030 manumittere,
2701 1955 2771 2014 et
2836 1947 2925 2013 illi

546 2043 851 2122 poterunt
895 2037 995 2104 vel
1043 2039 1179 2103 sine
1227 2038 1478 2103 domino
1524 2055 1806 2118 manere,
1865 2039 1968 2102 vel
2012 2038 2206 2104 alium
2261 2056 2379 2120 pro
2425 2038 2605 2105 libito
2651 2037 2923 2103 vicissim

545 2128 790 2212 eligere
839 2119 961 2206 (N.
991 2126 1094 2191 42.
1145 2123 1318 2193 Dist.
1357 2126 1414 2191 1.
1465 2126 1592 2192 Jua
1622 2126 1818 2192 Prov.
1854 2127 1938 2192 Κ
1972 2118 2143 2209 35.).
2192 2127 2332 2192 Hoc
2365 2126 2698 2208 privilegio
2737 2124 2925 2191 homo

463 2213 472 2222 ’
549 2232 771 2281 servus
818 2219 931 2279 aut
974 2213 1252 2280 rusticus
1296 2232 1422 2279 non
1468 2213 1729 2295 gaudet,
1783 2233 2003 2279 verum
2068 2215 2123 2280 si
2167 2215 2231 2278 in
2276 2214 2580 2295 flagranti
2638 2214 2925 2292 crimine,

547 2308 664 2369 aut
730 2303 895 2384 quod
956 2303 1210 2384 dicitur,
1278 2303 1343 2367 in
1410 2302 1550 2382 ipso
1606 2301 1779 2374 facto
1850 2302 2351 2385 comprehensus
2418 2301 2636 2382 fuerit,
2706 2301 2922 2366 statim

549 2391 1012 2458 condemnatur
1057 2395 1125 2457 et
1171 2390 1399 2472 capitis
1459 2389 1769 2471 supplicio
1838 2389 2131 2456 afficitur.
2195 2390 2393 2456 Secus
2438 2388 2511 2455 fit
2562 2390 2629 2454 in
2675 2386 2924 2469 conjec-

549 2478 707 2546 turis
752 2467 916 2559 (Jus
963 2479 1154 2546 Prov.
1206 2479 1291 2547 K.
1339 2469 1490 2561 35.)

741 2582 948 2662 Quum
995 2598 1114 2664 pro
1161 2581 1502 2649 homicidio
1561 2584 1789 2663 patriS,
1846 2582 1989 2664 plus
2046 2587 2374 2663 competat
2426 2581 2648 2647 liberis
2706 2599 2921 2662 agere,

555 2690 743 2753 quam
791 2672 990 2749 uxori,
1039 2672 1184 2737 ideo
1231 2670 1482 2737 libellus
1529 2670 1965 2735 accusatorius
1995 2676 2064 2735 et
2106 2672 2345 2737 liberos
2390 2670 2565 2751 ipsos
2598 2670 2926 2735 continere

547 2761 741 2826 debet
770 2747 896 2839 (Ν.
922 2754 1088 2839 57.).
1137 2760 1278 2824 Hoc
1324 2757 1397 2824 fit
1439 2758 1618 2823 ideo:
1661 2759 1845 2825 Uxor
1890 2759 2012 2823 nisi
2047 2760 2338 2839 voluerit,
2387 2758 2579 2822 alium
2626 2759 2926 2823 maritum

548 2853 767 2933 potest
823 2846 1087 2927 habere,
1147 2847 1334 2913 liberi
1381 2864 1533 2911 vero
1595 2846 1787 2911 alium
1834 2853 2087 2928 patrem
2151 2847 2397 2927 habere
2454 2864 2582 2911 non
2641 2851 2921 2927 possunt.

548 2936 845 3001 Relativa
897 2953 1126 3016 nempe
1171 2936 1381 3016 posita
1427 2954 1494 3000 se
1542 2940 1809 3015 ponunt,
1858 2940 1925 2999 et
1968 2942 2310 3017 perempta
2355 2952 2426 3000 se
2472 2934 2819 3015 perimunt.

744 3044 907 3125 Quia
960 3044 1309 3111 secundum
1362 3043 1895 3110 Constitutionem
1953 3044 2317 3111 carolinam
2360 3050 2536 3109 'noxa
2588 3051 2781 3126 caput
2825 3065 2925 3109 se-

551 3134 786 3215 quitur,
855 3132 1096 3198 idcirco
1169 3132 1484 3198 actionem
1555 3131 1881 3197 homicidii
1949 3132 2079 3198 illic
2149 3132 2257 3198 ubi
2324 3151 2475 3198 reus
2546 3132 2927 3198 domicilium

547 3221 764 3303 habet,
812 3221 1263 3305 persequimur
1309 3214 1430 3300 (Ν.
1482 3218 1586 3285 39.
1637 3220 1765 3285 Jua
1806 3220 2023 3286 Prov.'
2049 3223 2126 3288 Α.
2166 3221 2225 3287 7.
2273 3220 2351 3287 Χ.
2388 3223 2477 3287 10
2523 3229 2579 3285 et
2622 3220 2691 3285 in
2735 3211 2927 3309 aeq).

553 3311 649 3377 Ad
697 3309 820 3376 hoc
865 3308 1265 3392 privilegium
1298 3308 1609 3387 extranei,
1643 3309 1993 3390 peregrini,
2026 3310 2216 3388 servi,
2252 3310 2487 3375 subditi
2520 3316 2587 3374 et
2631 3308 2695 3373 id
2728 3328 2929 3390 genus

553 3398 660 3463 alii
707 3418 834 3464 non
877 3397 1205 3479 pertinent
1250 3388 1373 3471 (N.
1427 3396 1529 3462 43.
1580 3397 1709 3462 Jus
1755 3396 1950 3461 Prov.
1998 3396 2081 3463 K.
2132 3388 2283 3481 36.)

744 3498 1058 3563 Parentes
1127 3515 1276 3562 suos
1341 3497 1597 3579 liberm,
1665 3504 1779 3564 aut
1846 3500 2100 3581 cognati
2164 3500 2421 3580 amicOS,
2492 3501 2601 3581 qui
2668 3500 2925 3579 aliquod

549 3586 961 3652 homicidium
1008 3589 1122 3650 aut
1165 3583 1546 3651 maleficium
1595 3592 2077 3668 perpetrarunt,
2123 3605 2251 3652 non
2300 3588 2539 3653 diutius
2592 3590 2711 3654 nisi
2762 3588 2929 3653 diem

553 3681 620 3741 et
664 3682 915 3740 noctem
963 3674 1306 3755 recipiant,
1354 3675 1476 3739 nisi
1524 3674 1646 3756 ipsi
1695 3693 1945 3755 quoque
1992 3676 2217 3742 eadem
2264 3694 2493 3759 poena,
2544 3695 2680 3757 qua
2723 3676 2924 3741 homi·
2979 3690 2983 3694 ·

550 3764 754 3843 cidae,
803 3762 997 3828 velint
1040 3762 1254 3843 puniri
1300 3752 1462 3841 (Jua
1509 3763 1702 3829 Prov.
1759 3765 1843 3829 K
1892 3762 1996 3829 33.
2049 3764 2230 3829 circa
2251 3766 2505 3852 finem).

743 3863 930 3928 Licet
995 3866 1160 3930 duae
1229 3870 1448 3946 partes
1515 3865 1829 3930 bonorum
1898 3865 2148 3946 fugitivi
2213 3864 2571 3930 homicidae
2632 3868 2700 3929 et
2757 3866 2927 3931 intra

549 3970 782 4016 annum
841 3972 964 4019 non
1009 3954 1417 4031 revertentiS,
1478 3953 1702 4019 liberis
1760 3957 1872 4018 aut
1929 3952 2152 4018 amicis
2198 3954 2410 4032 occisi,
2470 3954 2666 4017 tertia
2708 3953 2927 4019 liberis

550 4041 649 4105 vel
718 4040 937 4106 amicis
1004 4040 1256 4121 fugitivi
1319 4040 1571 4119 relicta,
1639 4040 2122 4122 adjudicentur,
2191 4059 2321 4106 non
2392 4049 2606 4108 tamen
2676 4060 2795 4121 per
2861 4042 2925 4106 id

546 4127 885 4209 homicida,
947 4135 1014 4196 et
1060 4130 1165 4208 qui
1214 4147 1402 4210 opem
1448 4130 1508 4193 ei
1560 4128 1863 4203 tulerunt,
1928 4128 2308 4208 liberantur,
2368 4130 2481 4193 sed
2532 4148 2929 4210 quocumque

545 4221 836 4297 tempore
883 4217 1204 4283 conveniri
1268 4222 1538 4298 possunt
1596 4207 1722 4298 (Ν.
1774 4218 1881 4282 41.
1927 4217 2099 4282 Diet.
2149 4216 2211 4285 3.
2260 4217 2387 4282 Jua
2434 4217 2630 4281 Prov.
2680 4220 2762 4283 K.
2814 4218 2922 4284 34.

555 4304 734 4381 circa
756 4297 1011 4392 finem).

741 4409 1032 4477 Pertinet
1073 4412 1197 4476 huc
1244 4407 1681 4475 foedissimum
1728 4408 1971 4475 crimen
2016 4408 2367 4491 parricidii,
2417 4408 2587 4489 quod
2632 4408 2923 4475 commit-

548 4499 726 4578 titur,
773 4498 827 4563 si
874 4499 1014 4578 quis
1057 4500 1123 4565 in
1153 4497 1442 4580 parentis
1489 4503 1602 4562 aut
1629 4496 1746 4563 filii
1776 4501 1890 4563 aut
1920 4496 2090 4562 filiae
2124 4503 2235 4565 aut
2266 4498 2519 4564 omnino
2567 4496 2923 4562 affectionis
