3350 5050
1637 577 1743 631 Tit.
1783 579 1823 632 1.
2841 584 2911 650 11
2984 599 2997 612 ·

539 723 745 802 tione;
790 719 1173 785 contestatio
1215 719 1294 782 ab
1333 717 1572 781 actoris
1599 718 1951 784 intentione
1990 725 2057 784 et
2097 721 2189 784 rei
2217 719 2617 800 depulsione;
2648 719 2918 783 intentio

541 809 817 889 denique
863 814 931 873 et
976 806 1264 888 depulsio
1314 825 1426 870 seu
1473 806 1688 887 potius
1736 809 1902 873 actio
1952 813 2018 872 et
2047 809 2379 888 responsio
2417 807 2497 872 ab
2530 807 2918 888 obligatione

538 891 734 978 (quae
804 897 986 976 quasi
1057 900 1264 960 mater
1320 900 1420 959 est
1478 894 1755 959 omnium
1814 897 2137 961 actionum
2204 897 2280 960 B.
2336 899 2439 976 10,
2490 897 2566 960 B.
2620 897 2726 976 11,
2786 896 2920 960 sive

540 1005 658 1051 eae
690 1003 1034 1068 personam
1067 988 1475 1061 concernant,
1524 985 1657 1049 sive
1688 1002 1849 1061 rem,
1889 987 2021 1050 sive
2051 985 2309 1064 factum,
2358 987 2421 1048 in
2454 985 2684 1064 quibus
2717 984 2921 1049 tribus

541 1075 814 1140 materia
851 1073 1017 1154 juris
1061 1067 1384 1150 versatur)
1431 1071 1749 1150 originem
1796 1091 1972 1136 suam
2023 1079 2376 1138 traxerunt.

733 1163 808 1227 In
856 1177 1160 1242 processu
1208 1159 1534 1224 ordinarii
1558 1159 1783 1239 judicii
1840 1161 2008 1241 apud
2058 1179 2174 1225 nos
2230 1161 2613 1240 requiritur:
2682 1159 2920 1238 PrimO,

541 1257 610 1316 ut
635 1249 855 1316 consul
903 1250 1176 1313 adeatur
1206 1253 1274 1312 et
1299 1248 1517 1312 citatio
1545 1248 1641 1312 rei
1662 1253 1942 1328 petatur.
1978 1249 2245 1327 Deinde,
2276 1257 2345 1313 ut
2370 1268 2482 1314 reo
2506 1254 2922 1330 comparente

539 1340 606 1404 in
643 1338 907 1419 judicio,
956 1335 1208 1402 libellus
1258 1335 1697 1401 accusatorius
1744 1337 1994 1415 edatur,
2045 1338 2127 1402 ad
2177 1356 2361 1417 quem
2415 1336 2519 1402 ille
2566 1343 2782 1420 potest
2821 1337 2916 1402 vel

541 1428 754 1492 statim
790 1425 890 1490 vel
913 1433 1060 1505 post
1102 1425 1286 1488 datas
1332 1424 1730 1489 deliberandi
1762 1425 2070 1505 inducias,
2103 1426 2509 1506 respondere.
2550 1427 2633 1490 Et
2662 1427 2917 1490 taudem

534 1515 732 1596 judex
775 1513 1248 1593 interloquitur,
1299 1517 1366 1576 et
1414 1518 1596 1577 actor
1627 1529 1807 1577 suam
1842 1515 2256 1578 intentionem
2294 1515 2529 1594 probat
2574 1520 2642 1579 et
2687 1513 2916 1578 adver-

539 1605 692 1669 sarii
739 1601 1148 1682 exceptiones
1205 1598 1575 1681 replicando
1623 1600 1825 1680 elidit,
1885 1603 2084 1667 donec
2133 1602 2197 1666 in
2240 1621 2438 1668 causa
2484 1602 2920 1666 concludatur.

540 1692 628 1756 Et
687 1693 742 1756 si
796 1691 962 1757 forte
1023 1694 1170 1770 post
1227 1689 1424 1752 latam
1484 1689 2033 1754 interlocutoriam
2100 1690 2195 1754 vel
2256 1689 2645 1756 definitivam
2685 1689 2922 1769 judicis

540 1781 945 1858 sententiam,
1010 1795 1162 1858 pars
1209 1777 1425 1856 aliqua
1469 1795 1537 1841 se
1586 1782 1917 1858 gravatam
1975 1779 2191 1858 sentit,
2251 1779 2495 1859 poterit
2553 1781 2724 1843 intra
2768 1778 2919 1843 XIV

539 1869 675 1934 dies
722 1869 807 1932 ad
842 1867 1240 1948 superiorem
1282 1865 1586 1945 judicem,
1637 1865 1931 1945 deposita
1962 1872 2174 1931 tamen
2206 1868 2383 1948 prius
2416 1868 2709 1947 pecunia,
2759 1885 2921 1946 quae

539 1955 678 2023 loeo
725 1955 1002 2021 mulctae
1076 1955 1462 2020 temerariae
1507 1955 1985 2036 provocationis
2037 1954 2272 2036 dep‘oni
2318 1955 2500 2034 solet,
2548 1973 2917 2036 provocare.

736 2044 875 2123 Quo
920 2044 1114 2122 facte,
1174 2043 1347 2106 intra
1393 2060 1504 2106 sex
1571 2041 2009 2108 hebdomadas
2076 2043 2301 2108 literas
2348 2043 2741 2108 dimissorias
2788 2044 2919 2107 sive

547 2133 872 2215 apostolos
917 2135 1122 2213 petat,
1183 2130 1676 2212 appellationem
1740 2149 1917 2194 suam
1973 2130 2281 2209 justificet
2336 2139 2403 2195 et
2447 2150 2589 2196 cum
2640 2132 2801 2195 actis
2847 2149 2919 2194 ac

543 2222 831 2288 actitatis
879 2219 1080 2301 judici
1127 2219 1626 2300 appellationem
1672 2219 1891 2284 offerri
1948 2227 2267 2300 procuret.
2328 2215 2539 2295 (Haec
2586 2220 2799 2285 omnia
2844 2238 2921 2283 ex

549 2310 844 2386 sequenti
889 2307 1112 2372 tabula
1156 2306 1407 2387 plenius
1455 2324 1844 2387 cognoscere
1891 2307 2161 2386 licebit.)

941 2471 1152 2531 Tabula
1187 2471 1458 2531 continens
1493 2472 1805 2531 &monem
1841 2473 2063 2533 actuum
2093 2473 2519 2551 judiciariorum.

2135 2594 2338 2661 judicis
2379 2594 2547 2649 aditio

2142 2667 2328 2720 citatio

2142 2738 2461 2804 eompaiitio

1999 2846 2029 2857 ..
2142 2811 2483 2864 contumacia

1633 2852 2051 2915 praeparatom,
2140 2872 2311 2933 libeni
2349 2881 2551 2935 oblatio

1702 2924 1763 2971 ut
2142 2960 2553 3035 procurotorum
2597 2952 2779 3007 missio

1153 3068 1278 3145 ⁸¹¹.ae
1331 3068 1544 3117 senten·
2140 3023 2424 3149 ggiizffitio

1187 3138 1335 3257 ἓξὲξ
1364 3140 1418 3187 et
1450 3141 1547 3187 aut
2136 3168 2419 3233 responsio
2461 3174 2517 3221 et
2553 3168 2802 3234 exceptio

2136 3310 2247 3363 litis
2288 3312 2612 3365 contestatio

2088 3310 2113 3483 Ι
2138 3383 2408 3451 probatio,
2449 3384 2515 3467 de
2590 3399 2661 3436 ua
2701 3400 2860 3437 versa

1629 3493 2058 3575 ”Thwil‘alesfln
2137 3470 2509 3581 conglffi'iosiffi
2548 3543 2716 3581 causa

2078 3487 2106 3737 ἱ
2135 3596 2462 3653 consultatio
2492 3596 2735 3665 judicum

529 3677 702 3731 Actus
730 3673 1009 3743 judiciarii
2135 3670 2405 3723 sententia

579 3746 909 3816 coincidunt,
935 3746 1015 3799 vel

1617 3817 1929 3883 provocatio
1982 3819 2050 3872 ad
2116 3823 2447 3889 superiorem
2487 3822 2744 3891 judicem,

1723 3889 1938 3958 quando
1968 3893 2239 3947 sententia
2276 3910 2385 3949 non
2422 3900 2776 3962 acceptatur-3

1611 4032 1858 4086 executio
1897 4032 1975 4086 rei
2124 4042 2444 4103 acceptatur

1672 4101 1970 4174 judicatae,

1121 4182 1247 4243 post
1319 4180 1531 4229 senten·
1684 4175 1899 4243 quando
1923 4192 2041 4231 sen-

1158 4249 1386 4314 tia'm‚ut
1405 4254 1532 4300 sunt
1682 4248 1853 4301 tentia
1890 4254 1985 4303 aut
2120 4248 2500 4316 appellationis
2550 4252 2822 4320 praesidio

2224 4320 2587 4379 confirmatur.

1539 4458 1544 4461 Ι
1608 4396 1878 4444 arrestum

1617 4550 1976 4603 expensarum

1687 4605 1889 4663 refusio
