3350 5050
539 490 666 560 2⁴50
1581 496 1847 550 Stranskii

542 632 728 711 regia
785 632 1246 700 deliberatione
1311 641 1564 701 matura
1619 638 1891 702 ‘tractari
1940 642 2135 715 atque
2183 634 2479 715 expediri
2526 640 2785 713 queant.
2849 634 2924 698 In

544 720 646 783 his
699 721 992 786 ninnibus
1049 731 1242 803 prout
1285 724 1423 789 Rex
1487 724 1693 791 facilis
1738 732 1838 791 est
1897 724 1993 789 vel
2054 723 2351 800 difficilis,
2410 722 2616 787 facilis
2676 739 2930 802 quoque

547 808 646 871 vel
693 805 967 875 difficilis
1014 817 1114 877 est
1159 814 1502 895 expeditio,
1569 832 1736 894 quae
1799 812 2137 893 aliquando
2196 812 2447 875 nonnisi
2500 819 2643 892 post
2696 809 2927 875 mult-as

548 897 859 961 Ordinum
910 918 1051 963 eum
1097 900 1276 979 Rege
1323 900 1821 983 disceptationes
1868 900 2217 965 conficitur.

743 984 854 1050 IV.
917 988 1202 1054 Remotis
1272 991 1524 1055 demum
1595 990 1693 1055 his
1766 988 2129 1057 obstaculis
2198 1007 2276 1052 ac
2334 986 2644 1052 ordinatis
2714 984 2929 1068 populi

547 1074 762 1153 rebus
803 1074 1042 1154 legitur
1066 1076 1272 1142 denuo
1300 1079 1650 1159 propositio
1674 1095 1861 1159 legia
1887 1060 2264 1154 inconcinni,
2310 1075 2577 1155 ejusque
2603 1075 2932 1174 descripta

544 1180 620 1225 ex
667 1170 1006 1245 prototypo
1071 1165 1316 1245 aliquot
1376 1166 1670 1248 exempla
1724 1165 2080 1247 potioribus
2136 1166 2311 1229 iuter
2370 1162 2647 1229 Ordines
2706 1150 2925 1225 distri-

547 1250 848 1315 bttuatur.
897 1250 1035 1317 Nec
1079 1272 1260 1319 mora
1305 1253 1510 1333 longa
1561 1254 1971 1319 descenditur
2020 1253 2103 1317 ad
2149 1252 2532 1332 capiendum
2580 1250 2803 1315 ordine
2838 1248 2931 1312 de

547 1338 890 1418 propositis
939 1342 1336 1408 comitiorum
1383 1342 1765 1408 indictorum
1816 1344 2041 1419 cauam,
2089 1340 2413 1421 regiisque
2438 1338 2934 1403 necessitatibus

546 1426 876 1491 consilium
942 1429 1281 1508 publicum.
1341 1430 1514 1496 Suus
1569 1437 1787 1496 autem
1834 1431 1935 1495 liis
1994 1447 2244 1508 quoque
2304 1427 2581 1491 consiliis
2636 1430 2741 1491 'est
2798 1442 2935 1489 mos

549 1515 864 1591 antiquus.
943 1516 1266 1583 Vocantur
1336 1519 1398 1583 in
1470 1519 1997 1585 deliberationem
2072 1515 2533 1597 postulatorum
2611 1534 2680 1579 rt
2686 1514 2933 1595 giorum

553 1603 787 1682 capita,
821 1611 1011 1684 prout
1041 1622 1190 1671 usus
1225 1613 1344 1684 est,
1381 1606 1476 1671 vel
1510 1608 1892 1684 conjunctim
1934 1607 1987 1670 si
2019 1605 2148 1670 sint
2179 1620 2403 1693 pauca,
2438 1604 2535 1668 vel
2563 1602 2933 1681 singulatim

551 1689 678 1754 ali-1
724 1696 869 1793 post
915 1691 1062 1770 alia,
1132 1697 1186 1760 si
1249 1696 1376 1760 sint
1435 1694 1623 1775 plura
1684 1694 1785 1760 vel
1848 1695 2069 1758 ardua.
2144 1692 2235 1756 Et
2288 1691 2439 1771 quia
2508 1690 2779 1772 populus
2834 1688 2940 1753 hic

551 1779 701 1842 ιιι-ιι
744 1780 808 1845 in
855 1780 1163 1849 libertate
1211 1783 1556 1863 aequabili,
1599 1785 1695 1849 ita
1737 1792 1811 1847 ut
1856 1799 2052 1847 onere
2100 1781 2227 1846 ullo
2262 1780 2569 1847 Ordinem
2617 1779 2811 1843 alium
2854 1777 2936 1841 ab

551 1866 676 1930 alio
756 1867 920 1933 citra
981 1887 1310 1935 assensum
1367 1873 1647 1949 gravari,
1712 1888 1849 1936 mos
1904 1870 2155 1951 patrius
2200 1866 2695 1947 haudquaquam
2744 1866 2935 1944 sinat,

549 1952 696 2018 ideo
728 1954 1049 2021 deliberat
1079 1958 1159 2022 de
1207 1960 1284 2024 iis
1315 1977 1430 2023 suo
1461 1959 1598 2025 loc-o
1631 1959 1811 2025 Ordo
1842 1957 2280 2038 unusquisque
2312 1956 2605 2021 seorsim.
2650 1956 2939 2019 Barones

549 2041 824 2106 omnium
871 2046 1062 2125 primi
1108 2047 1176 2111 in
1221 2046 1522 2126 conclavi,
1579 2048 1769 2128 quod,
1826 2054 1899 2113 ut
1945 2044 2239 2123 diximuS‚
2274 2042 2577 2109 ·Saudmi
2626 2040 2935 2108 Swfftm'ce

553 2129 931 2210 appellatur.
1009 2134 1130 2212 Qui
1177 2154 1316 2200 cum
1387 2134 1506 2201 soli
1548 2136 1612 2200 in
1684 2152 2017 2201 commune
2078 2131 2539 2197 consuluerunt
2605 2131 2779 2195 inter
2844 2146 2935 2207 se,

553 2219 847 2297 quodque
896 2241 934 2287 e
965 2240 1036 2288 re
1085 2228 1188 2288 est
1217 2222 1418 2289 visum
1467 2225 1707 2306 scripto
1740 2221 2385 2305 comprehenderunt,
2433 2221 2514 2284 de
2557 2238 2634 2283 eo
2666 2218 2936 2297 Equites

551 2311 817 2375 cunctos·
871 2327 990 2391 per
1051 2312 1330 2379 delectos
1379 2312 1640 2378 Ordinis
1702 2312 1803 2378 sui
1872 2310 2117 2375 faciunt
2174 2308 2505 2387 certiores,
2569 2322 2809 2387 eosque
2867 2311 2940 2369 ut

547 2399 616 2459 et
659 2395 782 2475 ipsi
828 2406 1129 2466 accurate
1175 2418 1311 2464 rem
1359 2400 1533 2466 inter
1577 2418 1648 2465 se
1682 2399 2059 2499 expendant
2079 2404 2147 2461 et
2179 2396 2239 2459 in
2274 2395 2549 2460 medium
2582 2392 2936 2472 consulant,

549 2481 978 2551 cohortantur.
1017 2488 1286 2567 Equites
1319 2490 1574 2568 cognita
1599 2488 1921 2554 Baronum
1959 2485 2151 2552 animi
2184 2484 2505 2550 sententia
2534 2482 2597 2547 in
2633 2482 2935 2560 conclavi,

553 2573 721 2651 quod
785 2569 1016 2661 Zeleuy'
1084 2577 1281 2658 Pokoj
1347 2578 1761 2656 ιιοιιιίιιειιιιιιε,
1830 2577 2205 2654 fiequentes
2264 2571 2589 2639 consilium
2650 2569 2934 2650 capiunt

553 2666 622 2724 et
667 2664 963 2742 expensis
1007 2665 1350 2736 diligenter
1393 2684 1536 2730 cum
1583 2665 1915 2746 postulatis
1964 2663 2178 2742 regiis,
2227 2668 2357 2725 tum
2408 2679 2485 2724 ea
2532 2659 2937 2738 consequutis

555 2748 876 2814 Baronum
947 2752 1232 2833 placitis
1306 2755 1660 2818 sententias
1727 2753 1997 2817 invicem
2069 2749 2363 2815 similiter
2431 2751 2798 2821 contenuit
2872 2751 2939 2810 et

555 2838 866 2917 complexi
893 2842 1132 2922 scripto
1159 2859 1554 2907 communem
1579 2859 1759 2907 suam
1788 2841 1867 2906 de
1892 2841 2104 2921 capite
2127 2856 2507 2916 unoquoque
2529 2837 2937 2910 voluntatem,

554 2927 616 2989 iu
667 2926 1011 3005 comitium,
1062 2930 1170 2994 ubi
1221 2930 1510 2994 Barones
1557 2931 1789 2995 adsunt
1834 2929 2225 3008 frequentes
2275 2925 2608 2989 ‹·wonfutim
2656 2922 2935 2998 veniunt,

555 3014 1078 3081 communicaturi
1141 3037 1280 3081 cum
1329 3018 1425 3095 iis,
1487 3019 1655 3098 quod
1702 3018 1871 3081 iuter
1918 3036 1988 3080 se
2036 3021 2107 3080 ut
2154 3014 2387 3094 populo
2440 3010 2773 3078 tolerabile
2822 3029 2941 3075 nec

555 3103 695 3182 regi
764 3103 1228 3169 incommodum
1290 3112 1709 3174 censuerunt
1782 3111 1849 3168 ct
1906 3103 2327 3181 colloquuturi
2396 3101 2639 3180 plenius
2701 3100 2781 3164 de
2838 3097 2937 3172 iis,

557 3190 610 3254 si
657 3209 783 3268 qua
827 3189 992 3256 sorte
1043 3198 1310 3272 1·‚estent
1359 3193 1588 3272 quibus
1635 3192 1935 3274 indagine
1981 3191 2221 3270 majore
2256 3211 2398 3256 esse
2446 3188 2725 3253 sentiant
2760 3203 2936 3265 opus,

561 3277 853 3345 Excussis
888 3282 1142 3345 tandem
1195 3301 1270 3346 ac
1314 3281 1663 3348 conciliatis
1714 3281 2031 3359 utrinque,
2080 3299 2245 3359 quae
2276 3277 2721 3344 dissentientia
2752 3278 2943 3339 erant

555 3365 872 3443 omnibus,
947 3387 1061 3448 per
1121 3370 1390 3436 selectos
1437 3389 1515 3435 ex
1570 3376 1845 3448 utroque
1905 3367 2151 3433 Ordine
2214 3387 2392 3445 suos,
2464 3364 2793 3430 confestim
2856 3361 2939 3425 ad

556 3453 912 3533 Pragenses
947 3453 1428 3524 (consentientis
1471 3458 1771 3537 utrinque
1810 3475 1967 3521 suae
2002 3456 2348 3521 voluntatis
2378 3455 2618 3533 scripto
2648 3467 2937 3531 compre·

487 3537 498 3550 “
555 3542 757 3607 hensa
803 3541 1070 3610 formula
1115 3545 1194 3611 iis
1241 3540 1546 3625 reddita),
1606 3545 1773 3625 quod
1822 3549 2037 3609 mutuo
2084 3543 2319 3623 placet
2376 3541 2729 3611 enuntiant
2788 3543 2856 3602 et
2901 3558 2940 3604 a

557 3629 934 3697 Civitatibus
961 3651 1232 3712 quoque,
1265 3634 1414 3712 quid
1447 3639 1512 3697 et
1536 3635 1715 3716 ipsae
1740 3633 1884 3698 fieri
1909 3631 2125 3708 velint,
2156 3631 2539 3697 sententiam
2569 3633 2939 3708 exposcunt.

555 3719 923 3785 Convocant
952 3737 1108 3800 ergo
1135 3721 1492 3802 pragenses
1525 3723 1608 3786 ad
1637 3722 1829 3800 diem,
1878 3719 1981 3799 qui
2016 3719 2187 3785 utilis
2218 3719 2531 3798 sequitur,
2566 3716 2941 3797 proximum

559 3811 820 3873 cunctos
869 3808 1212 3873 civitatum
1279 3809 1359 3874 ad
1426 3809 1682 3875 comitia
1735 3810 1981 3888 legatos
2032 3800 2269 3880 (solent
2316 3824 2587 3907 namque
2634 3805 2943 3870 Ciuitates

557 3894 738 3958 binos
786 3895 883 3960 vel
929 3903 1169 3973 ternos,
1231 3917 1309 3963 ex
1356 3915 1626 3977 corpore
1686 3913 2109 3975 unaquaeque
2158 3913 2292 3962 suo
2359 3895 2525 3959 viros
2572 3892 2945 3958 consulares

559 3982 1027 4062 tribunitiosve‚
1075 4003 1213 4050 cum
1261 3986 1470 4067 plenis
1517 3985 1836 4052 mandatis
1884 3983 1965 4048 ad
2006 3983 2265 4048 comitia
2300 3979 2658 4063 ablegare),
2708 3987 2774 4046 et
2801 3987 2947 4060 post

562 4075 877 4136 maturam
927 4091 1064 4137 cum
1115 4073 1210 4145 iis,
1261 4092 1478 4140 eorum
1530 4091 1695 4152 quae
1724 4072 1865 4136 Rex
1912 4071 2274 4152 postulavit,
2324 4088 2614 4150 quaeque
2656 4069 2945 4133 Barones

560 4177 684 4224 una
733 4175 872 4223 cum
919 4161 1160 4226 Ordine
1209 4163 1512 4242 Equestri
1559 4179 1678 4242 pro
1712 4177 1782 4224 se
1829 4159 2046 4224 facere
2080 4159 2295 4236 velint,
2344 4155 2944 4234 considerationem,

565 4248 928 4313 decernunt
972 4255 1040 4314 et
1075 4249 1215 4330 ipsi
1263 4250 1432 4330 quod
1479 4249 1790 4329 majorum
1839 4265 2016 4311 more
2065 4265 2139 4312 ac
2187 4246 2644 4311 consuetudine
2694 4247 2950 4309 vetusta

563 4337 648 4401 ab
696 4333 944 4401 Ordine
989 4355 1105 4401 suo
1152 4339 1476 4418 praestari
1539 4337 1891 4403 conveniat.
1954 4336 2051 4400 Ab
2112 4336 2235 4399 hac
2298 4333 2765 4400 deliberatione
2827 4345 2951 4413 per

563 4423 849 4489 delectos
897 4423 1161 4491 Ordinis
1221 4427 1318 4492 sui
1366 4425 1677 4508 Supremo
1724 4423 2142 4504 Burggravio,
2209 4427 2473 4504 paratos
2532 4439 2601 4486 se
2660 4437 2802 4486 esse
2864 4421 2947 4484 ad

565 4511 1029 4592 exponendum,
1088 4531 1254 4594 quae
1313 4515 1396 4580 ad
1441 4513 1773 4596 proposita
1835 4513 2231 4593 respondere
2284 4512 2507 4590 velint,
2566 4507 2943 4588 significant,
