3350 5050
1421 537 1777 594 Prooemium.
2748 545 2786 614 5

401 686 638 766 linguis
685 689 752 748 et
800 684 1048 750 artibus
1095 684 1378 749 honestis
1410 683 1725 762 instructi,
1776 702 2002 748 causas
2054 686 2116 748 in
2166 685 2305 749 foro
2351 685 2786 751 defendendas

408 796 777 878 suscipiant,
827 800 894 861 et
941 794 1346 859 mechanicos
1395 793 1564 858 viros
1611 812 1687 857 ac
1734 793 2102 874 ThersitaS,
2152 813 2415 873 quorum
2464 795 2789 874 imperitia

408 914 481 974 ut
539 908 855 990 publicam
916 908 1008 971 ita
1052 910 1119 972 et
1175 906 1492 988 privatam
1555 907 2067 970 commoditatem
2115 906 2373 986 affligit,
2435 908 2513 972 ad
2573 909 2788 973 munia

413 1020 762 1085 vocationis
809 1036 962 1084 suae
1013 1038 1154 1083 cum
1203 1018 1404 1082 multa
1451 1017 1732 1084 utilitate
1777 1019 2111 1100 repellant.
2660 1007 2666 1012 ’

610 1131 1002 1197 Praetereae
1058 1147 1176 1210 per
1221 1129 1385 1192 hanc
1431 1130 1712 1211 linguam
1762 1133 2063 1209 tanquam
2134 1133 2444 1198 notiorem
2504 1136 2791 1214 pluribus

415 1242 773 1306 innotescet
818 1239 1120 1319 iniquitas
1168 1238 1691 1304 calumniantium
1757 1245 2015 1320 gentem
2066 1240 2434 1318 Bohemam,
2506 1244 2795 1324 inprimis

417 1368 568 1414 vero
618 1349 870 1414 Antonii
917 1347 1128 1412 Coccii
1179 1346 1477 1412 Sabellici
1538 1354 1604 1412 et
1647 1348 1961 1412 Johannis
2009 1349 2258 1415 Aubani
2310 1351 2792 1434 Teutobohemi,

419 1461 524 1540 qui
573 1464 836 1540 praeter
881 1456 944 1520 id
994 1458 1160 1536 quod
1195 1457 1508 1522 Bohemos
1557 1457 1735 1522 varie
1781 1458 2286 1538 reprehendunt,
2335 1463 2401 1525 et
2438 1461 2569 1541 Jam
2613 1481 2793 1542 syco-

416 1568 719 1650 phantica
765 1566 996 1646 injuria
1044 1567 1350 1631 adversus
1397 1571 1654 1631 nostras
1702 1567 1878 1646 leges
1924 1571 1991 1631 et
2047 1569 2557 1650 eonsuetudines,
2629 1573 2797 1651 quod

417 1676 548 1741 sint
579 1676 920 1751 barbarae,
953 1675 1224 1754 feroceS‚
1249 1675 1633 1740 inhumanae
1666 1681 1733 1739 et
1764 1676 1845 1740 ab
1879 1677 2045 1741 omni
2079 1677 2327 1742 ratione
2361 1698 2435 1742 ac
2467 1683 2799 1760 aequitate

421 1788 694 1867 alienae,
745 1787 1182 1867 indignissime
1213 1785 1618 1852 invehuntur.
1668 1788 1915 1853 Horum
1948 1789 2224 1852 omnium
2271 1793 2801 1859 contrarietatem

422 1897 769 1963 testabitur
813 1897 992 1960 Juris
1039 1895 1406 1960 Communis
1454 1897 1788 1975 autoritaS,
1838 1917 2005 1977 quae
2052 1899 2131 1963 de
2178 1903 2469 1982 omnibus
2515 1902 2805 1968 civilibus

432 2006 686 2083 officiiS,
739 2005 818 2070 de
864 2005 1366 2082 hereditatibuS,
1428 2005 1860 2070 contractibus
1919 2012 1985 2071 et
2023 2007 2280 2087 jndiciis
2327 2012 2420 2074 ita
2464 2010 2805 2093 praecipit.

426 2123 499 2181 ut
544 2133 854 2196 nusquam
904 2133 942 2178 a
989 2118 1249 2194 natura,
1313 2133 1624 2194 nusquam
1689 2133 1729 2178 a
1788 2117 2040 2181 ratione
2099 2118 2430 2184 discedere
2494 2121 2804 2201 videatur,

423 2233 490 2292 et
539 2243 727 2306 quam
787 2245 906 2306 ego
966 2225 1033 2289 in
1093 2225 1212 2290 hoc
1276 2225 1580 2305 opusculo
1639 2231 1947 2306 quantum
2006 2226 2143 2292 fieri
2204 2229 2455 2309 potuit,
2518 2229 2806 2310 allegavi.

431 2337 621 2402 Unde
668 2336 981 2400 candidus
1040 2337 1242 2400 lector
1304 2335 1488 2400 facile
1552 2337 1792 2418 poterit
1838 2355 2204 2418 agnoscere,
2252 2341 2425 2420 leges
2471 2345 2727 2406 nostras
2775 2361 2813 2404 a

432 2447 590 2510 ‚lure
639 2445 968 2509 Communi
1029 2463 1254 2526 parum
1320 2448 1452 2524 aut,
1485 2443 1640 2508 nihil
1702 2445 1977 2525 diferre,
2042 2450 2425 2530 praesertim
2486 2469 2564 2514 ex
2627 2455 2809 2514 nota-

434 2558 688 2635 bilibus,
725 2574 888 2635 quae
921 2561 986 2621 et
1019 2556 1219 2621 textui
1251 2560 1471 2621 nostro
1501 2557 1748 2621 inserta
1778 2563 1845 2622 et
1875 2559 2146 2639 margini
2179 2560 2345 2626 illius
2378 2568 2527 2625 sunt
2560 2560 2811 2640 addita;

438 2669 557 2732 nisi
603 2668 768 2732 forte
819 2667 1052 2732 alicubi
1099 2666 1439 2732 diversitas
1497 2667 1595 2731 vel
1662 2668 1981 2748 publicam
2044 2670 2139 2733 vel
2200 2672 2593 2752 privatorum
2642 2672 2811 2736 utili-

441 2782 638 2841 tatem
708 2780 1086 2855 concernat,
1161 2775 1254 2840 vel
1338 2776 1550 2839 odium
1619 2777 2000 2857 negligentis
2069 2785 2135 2842 et
2203 2779 2474 2844 malefici
2550 2779 2819 2843 hominis

441 2888 765 2967 respiciat.

641 2997 832 3062 Tales
893 2996 1092 3077 igitur
1153 2998 1642 3077 obtrectatores,
1716 2999 1853 3063 sine
1922 2999 2147 3073 dubio,
2221 2998 2369 3063 visis
2426 2999 2524 3063 his
2587 2999 2824 3063 nostris

445 3110 893 3188 conticescent,
943 3109 1048 3172 ubi
1084 3106 1676 3185 animadverterint,
1728 3128 1797 3173 se
1844 3128 1969 3173 non
2018 3110 2193 3189 leges
2240 3110 2451 3189 gentis
2484 3108 2826 3186 Bohemae,

449 3239 664 3285 verum
713 3219 890 3283 Juris
921 3218 1288 3282 Communis
1337 3218 1734 3298 dignitatem,
1786 3237 1972 3299 quam
2022 3236 2137 3284 nos
2183 3220 2529 3295 imitamur,
2579 3235 2831 3297 quaque

451 3329 720 3405 forsitan
747 3332 814 3392 et
843 3327 963 3407 ipsi
999 3328 1305 3405 nituntur,
1333 3325 1752 3391 calumniatos
1777 3345 1938 3406 esse,
1959 3326 2111 3404 jura
2139 3328 2409 3391 honesta
2433 3326 2833 3405 iniquitatem

449 3449 516 3508 et
561 3439 1056 3506 consuetudines
1103 3438 1294 3503 laude
1345 3438 1571 3518 dignas
1629 3439 1993 3504 barbariem
2044 3438 2364 3503 beluinam
2412 3436 2829 3518 appellantes.

647 3550 844 3615 Vobis
892 3554 1127 3626 autem,
1178 3549 1520 3628 sapienteS,
1572 3546 1967 3628 amplissimi,
2012 3551 2423 3629 praestantes
2455 3551 2521 3611 et
2554 3544 2831 3610 circum-

449 3659 654 3740 specti
699 3658 839 3737 viri,
913 3657 1016 3737 qui
1069 3657 1316 3737 Pragae
1364 3656 1591 3723 triurbi
1640 3662 1709 3720 et
1752 3675 1870 3737 per
1918 3656 2433 3737 augustissimum
2483 3652 2833 3719 Bohemiae

451 3789 716 3851 regnum
766 3772 974 3833 status
1021 3767 1221 3832 civilis
1254 3768 1584 3847 dignitate,
1634 3766 2139 3832 immunitatibus
2186 3772 2251 3831 et
2297 3763 2645 3846 privilegiis
2686 3761 2831 3839 jure

461 3880 758 3956 fruimini,
808 3878 1183 3958 opusculum
1217 3876 1335 3941 hoc
1383 3895 1542 3955 prae
1589 3877 1867 3941 caeteris
1916 3875 2217 3941 dedicare
2250 3876 2452 3940 visum
2501 3877 2618 3937 est.
2665 3870 2829 3935 Nam

457 3986 806 4055 processus
852 3989 954 4053 hic
1013 4006 1088 4052 ac
1133 3988 1294 4051 Jura
1349 4005 1513 4067 quae
1561 3986 1622 4051 in
1673 4006 1749 4051 eo
1799 3987 2237 4066 continentur,
2298 3990 2365 4049 et
2408 3987 2623 4050 vestra
2685 3987 2836 4045 sunt

459 4108 525 4164 et
561 4104 840 4165 vestrum
873 4101 1076 4163 forum
1112 4098 1481 4179 respiciunt.
1515 4098 1602 4163 Et
1633 4097 1803 4177 quod
1834 4098 2014 4162 vobis
2046 4095 2508 4173 defensoribuS,
2553 4093 2837 4157 laborem

461 4210 624 4273 hunc
672 4227 879 4273 meum
929 4207 1010 4271 ab
1074 4208 1242 4271 omni
1312 4206 1832 4271 calumniantium
1903 4206 2237 4285 iniquitate
2308 4203 2609 4268 tutiorem
2677 4200 2835 4276 fore,

464 4318 614 4381 mihi
661 4316 1110 4400 persuadeam.

663 4430 762 4494 Sit
805 4429 1320 4508 licet-exiguum,
1373 4428 1538 4507 quod
1590 4447 1755 4493 nunc
1800 4448 1917 4510 pro
1965 4433 2254 4508 tempore
2304 4425 2487 4501 dono,

669 4538 1045 4617 Sifortuna
1093 4537 1279 4617 volet,
1326 4538 1568 4620 poterit
1613 4538 1935 4619 supplere,
1986 4536 2153 4615 quod
2198 4539 2368 4615 opto,
