3350 5050
554 475 641 544 80
1492 475 1559 529 V.
1599 472 2000 542 OphthalmiuS.

751 612 1003 679 crimen
1043 609 1666 696 praevaricationis.
1718 609 2169 677 Praevaricari
2216 610 2457 677 dicitur
2502 611 2632 692 ille,
2681 613 2789 693 qui
2822 614 2933 680 ali-

556 718 746 780 quem
805 717 1114 766 accusans
1166 699 1423 764 fictitias
1483 699 1895 780 probationes
1956 700 2241 779 adduxit,
2307 699 2662 766 omittendo
2726 720 2933 767 veras,

751 789 1117 860 Advocatus
1179 787 1688 868 praevaricatur,
1751 788 1901 852 dum
1962 795 2215 868 partem
2276 788 2615 854 adversam
2674 791 2933 870 prodita

556 875 647 941 illi
715 895 910 943 causa
969 874 1251 958 adjuvat,
1313 881 1381 940 et
1439 875 1894 941 substantialia
1950 895 2106 961 suae
2169 877 2375 958 partis
2434 877 2641 942 sciens
2700 879 2937 943 omittit

556 957 679 1045 (Ο.
721 965 830 1031 27.
878 965 1054 1030 Diei.
1102 964 1163 1030 1.
1212 971 1268 1026 et
1310 953 1416 1044 2.)

755 1053 821 1118 Si
861 1053 1060 1133 judex
1108 1057 1332 1117 contra
1378 1049 1652 1118 officium
1703 1070 1905 1132 suum,
1940 1071 2181 1118 arcana
2228 1053 2417 1127 alicui
2449 1053 2620 1135 parti
2667 1053 2933 1134 revelat,

560 1145 658 1208 vel
697 1143 994 1224 judicans
1039 1139 1130 1204 illi
1179 1140 1510 1206 consilium
1558 1141 1691 1216 dat,
1726 1141 1955 1222 capitis
1986 1140 2367 1223 supplicium
2411 1141 2682 1206 incurrit
2710 1131 2829 1216 (A.
2868 1141 2933 1209 8.

555 1234 638 1318 Α.
686 1232 792 1296 15.
838 1229 1012 1294 Diet.
1065 1236 1126 1295 1.
1172 1227 1370 1291 Prov.
1419 1229 1501 1293 B.
1547 1219 1698 1310 28.)

755 1317 998 1382 Eadem
1049 1335 1258 1398 poena
1303 1325 1370 1381 et
1416 1316 1767 1382 advocatus
1810 1317 2295 1397 praevaricator
2338 1318 2600 1399 punitur
2656 1308 2777 1397 (B.
2822 1317 2934 1384 25.

557 1408 732 1473 Dist.
776 1406 840 1472 2.
891 1413 948 1468 et
994 1407 1075 1472 B.
1122 1405 1228 1470 27.
1278 1405 1454 1471 Diet.
1500 1405 1562 1469 2.
1613 1405 1810 1470 Prov.
1877 1405 1940 1471 V.
1990 1405 2055 1469 2.
2106 1413 2163 1468 et
2224 1405 2295 1470 V.
2337 1399 2442 1485 3.)
2806 1405 2813 1412 ’

756 1494 1194 1559 Stellionatua.
1243 1492 1410 1557 Illud
1458 1495 1701 1559 crimen
1746 1493 1942 1558 babet
1987 1493 2217 1573 locum,
2251 1493 2504 1573 quando
2553 1492 2693 1571 quis
2728 1494 2932 1558 varie-

557 1585 706 1650 tatis
772 1590 838 1648 et
899 1582 1218 1647 mendacii
1263 1587 1364 1646 est
1407 1599 1578 1660 rena,
1631 1588 1713 1650 ,ut
1768 1583 1822 1646 si
1887 1583 2027 1662 quis
2084 1600 2273 1647 unam
2331 1585 2399 1646 et
2458 1579 2733 1646 eandem
2796 1599 2932 1646 rem

558 1672 843 1754 pluribus
889 1671 1170 1737 scienter
1217 1668 1473 1748 vendat,
1537 1671 1936 1751 oppignoret‚
1997 1679 2108 1734 aut
2164 1671 2228 1735 in
2278 1676 2606 1736 contractu
2668 1669 2929 1734 fraudu-

557 1762 767 1826 lenter
811 1762 877 1824 et
923 1757 1138 1822 dolose
1197 1758 1426 1822 bonam
1472 1776 1608 1823 rem
1657 1757 1976 1832 ostendat,
2036 1762 2107 1824 et
2149 1757 2410 1824 tandem
2473 1765 2738 1839 peracto
2786 1775 2933 1822 con·

557 1855 770 1913 tractu
814 1845 1120 1928 pejorem,
1181 1846 1350 1925 quod
1394 1845 1630 1911 Judaei
1677 1844 2058 1911 Christianis
2118 1843 2336 1911 facere
2386 1847 2613 1926 solent,
2662 1847 2932 1926 emptori

553 1935 775 2001 tradat
818 1924 936 2009 (0.
981 1934 1092 1998 28.
1137 1933 1297 2016 Diat
1344 1935 1402 2009 1.
1454 1943 1510 1998 et
1553 1926 1658 2014 2.)

750 2022 1121 2109 Abiq'eatua.
1171 2019 1650 2100 ‘Committitun'
1720 2021 1973 2100 quando
2044 2023 2187 2103 quis
2256 2021 2401 2086 dolo
2470 2020 2637 2086 malo
2708 2021 2935 2086 alienis

559 2111 900 2176 insidiatur
946 2109 1326 2175 animalibus
1373 2117 1442 2175 et
1486 2128 1566 2175 ea
1613 2110 1876 2176 abducit
1920 2102 2035 2191 (0.
2082 2101 2231 2189 29.)
2439 2173 2479 2180 ,,

544 2203 548 2206 ’
755 2198 874 2278 Qui
937 2199 1194 2278 saepius
1253 2197 1374 2262 hoc
1437 2195 1703 2263 crimine
1750 2196 2079 2279 delinquit,
2144 2198 2407 2278 punit-ur
2453 2197 2533 2262 de
2572 2196 2724 2278 jure
2769 2196 2937 2262 civili

559 2306 811 2370 quoque
857 2285 1090 2366 gladio.
1706 2343 1711 2348 .

757 2373 1144 2439 Incendium.
1216 2373 1335 2453 Qui
1405 2373 1614 2439 sciens
1682 2381 1748 2439 et
1788 2372 2098 2455 'prudens
2167 2371 2320 2452 quid
2392 2373 2723 2453 comburit,
2789 2373 2935 2450 igne

557 2470 829 2529 necatur
873 2453 989 2543 (0.
1040 2454 1186 2543 14.)
1202 2487 1229 2544 ,·
1273 2463 1509 2528 inscius
1572 2466 1834 2528 tenetur
1888 2461 2187 2527 damnum
2247 2461 2565 2527 resarcire
2624 2453 2741 2540 (0.
2792 2450 2937 2542 17.)

558 2552 687 2721 {ed
735 2552 797 2617 iu
828 2570 998 2721 §asu
1045 2549 1310 2617 fortuito
1354 2558 1422 2616 et
1465 2552 1597 2616 fato
1642 2550 1999 2617 inevitabili
2030 2552 2299 2631 quisque
2348 2555 2636 2615 meretur
2684 2552 2931 2615 veniam

697 2762 700 2765 ·
757 2727 1087 2806 Quomodo
1127 2726 1462 2807 et-quibus
1509 2728 1714 2791 modis
1756 2726 1823 2791 in
1854 2726 2015 2791 ‚Iure
2059 2732 2280 2791 nostro
2325 2724 2701 2791 incendiarii
2735 2725 2939 2792 delin-

543 2824 792 2896 squam,
825 2816 968 2882 vide
1018 2815 1160 2879 Tit..
1192 2816 1508 2897 integrum
1544 2816 1643 2879 De
1681 2814 2117 2893 incendiariis,
2167 2816 2259 2879 de·
2278 2814 2465 2879 modo
2502 2814 2939 2895 restinguendi

560 2906 922 2971 incendium
969 2905 1088 2968 sub
1135 2903 1325 2968 litera
1375 2903 1450 2983 O,
1491 2904 1594 2970 15.
1645 2911 1703 2967 et
1746 2924 1873 2991 aeq.
1926 2924 2126 2992 usque
2170 2902 2265 2967 ad
2308 2902 2400 2967 lit.
2456 2903 2530 2967 Ο.
2562 2903 2669 2967 25.
2718 2902 2939 2966 Nostri

557 3013 618 3059 n.
665 2992 978 3074 propositi
1025 3010 1151 3055 non
1191 2996 1312 3071 est,
1341 2991 1572 3055 omnia
1616 2992 1718 3056 hic
1767 3008 1968 3070 usque
2018 2991 2100 3054 ad
2146 2992 2447 3055 amussim
2498 2996 2803 3057 tractare.

759 3343 886 3410 Sed
913 3345 993 3410 de
1018 3344 1332 3409 Processu
1357 3349 1577 3408 nostro
1601 3341 1913 3407 hactenus
1940 3342 2173 3408 dixisse
2200 3342 2494 3410 sufficiat.
2532 3344 2937 3409 Exactiorem

560 3434 1163 3514 diligentioremque
1210 3432 1388 3497 Juris
1433 3430 1759 3496 Bohemici
1806 3431 2233 3511 cognitionem
2283 3432 2551 3512 quisque
2597 3432 2663 3497 in
2709 3431 2939 3497 latiore

555 3521 596 3587 J
603 3521 1000 3587 urisCivilis
1044 3520 1389 3601 Pragensis
1437 3525 1504 3583 et
1534 3520 2067 3584 constitutionum
2100 3518 2595 3603 Frovincialium
2652 3518 2826 3585 fonte
2873 3525 2941 3583 et

561 3612 853 3676 doctrina
899 3609 1120 3674 videre
1167 3614 1235 3675 et
1280 3608 1499 3688 legere
1545 3613 1747 3688 potes

1207 3804 1402 3865 Seneca
1437 3804 1524 3863 18.
1559 3804 1660 3862 nb.
1698 3803 1926 3877 Epistol.
1966 3804 2086 3863 108.
2121 3802 2294 3877 Epist.

763 3927 866 3981 Hic.
913 3930 996 3979 est
1031 3940 1260 3993 magnus
1313 3925 1542 3993 animm,
1580 3925 1672 3992 qui
1711 3940 1768 3975 se
1807 3925 1921 3977 Deo
1960 3924 2201 3989 tradidit,
2240 3941 2303 3977 ac
2353 3931 2543 3979 contra
2580 3924 2668 3978 ille
2711 3912 2940 3993 pusillus

564 4014 626 4051 ac
657 3997 909 4067 degener,
947 3999 1036 4066 qui
1075 3997 1386 4051 obluctatur
1423 4003 1478 4048 et
1503 3996 1570 4049 de
1607 3994 1797 4049 ordine
1836 3996 2021 4049 mundi
2056 3995 2195 4049 male
2233 3997 2527 4064 existimat,
2564 4000 2618 4049 et
2656 3996 2941 4050 emendare

561 4070 764 4123 mavult
801 4069 932 4123 deos
971 4085 1131 4137 quam
1168 4084 1242 4121 se.

1563 4294 1925 4363 Finis.
