3350 5050
1505 545 1618 604 Tit.
1653 549 1755 607 vl.
2410 475 2416 481 α
2608 512 2618 520 ’
2733 547 2810 620 17

411 687 616 779 finali
641 687 945 776 justitiae
993 686 1062 751 V.
1098 688 1170 755 P.
1221 709 1363 752 sese
1407 685 1733 753 submittit.
1784 685 1875 752 Et
1918 686 1982 752 si
2007 686 2155 754 huic
2169 687 2479 772 petitioni
2508 685 2815 772 Sempro-

432 777 580 842 nius
629 776 1072 841 contradicere
1113 775 1409 856 voluerit,
1467 783 1612 841 tunc
1645 775 1818 861 petit
1870 773 2091 841 Titius
2136 775 2266 842 eibi
2308 775 2645 841 terminum
2678 797 2814 860 pro

433 864 880 930 consuetudine
904 861 1062 950 fori
1115 864 1210 929 ad
1241 863 1660 948 probandum
1719 864 1940 945 statui,
2016 887 2086 929 ee
2141 864 2333 930 certis
2377 862 2816 928 instrumentis

433 954 920 1018 declaraturum
958 943 1109 1032 (aut
1152 953 1289 1017 alio
1332 952 1516 1016 modo
1529 941 2022 1036 probaturum),
2060 953 2479 1039 praedictum
2526 949 2815 1038 fundum

432 1039 830 1107 hereditario
857 1041 1018 1127 jure
1062 1041 1158 1106 ad
1199 1062 1270 1104 se
1302 1039 1642 1124 pertinere
1689 1047 1794 1106 etc.

633 1151 927 1214 Forma
993 1149 1354 1215 actionis
1423 1149 1700 1237 quasi·
1759 1149 2336 1218 Seruianae:
2410 1147 2816 1239 Aequissimi

418 1237 720 1324 judices!
768 1238 1000 1304 Coram
1043 1237 1222 1302 vobis
1265 1238 1404 1326 ayit
1449 1245 1507 1301 et
1538 1239 1859 1323 proponit
1897 1239 2113 1305 Titius
2160 1239 2481 1304 adversus
2516 1239 2821 1322 Sempro-

435 1325 632 1406 nium,
692 1327 864 1415 quod
909 1349 990 1390 eae
1050 1348 1254 1391 causa
1310 1325 1530 1406 mutui,
1593 1327 1734 1390 sine
1792 1328 1932 1392 ulla
1993 1351 2345 1394 usurarum
2400 1326 2819 1406 conventione,

435 1415 822 1478 mutuaverit
867 1415 997 1479 sibi
1039 1415 1190 1495 100,
1253 1436 1418 1503 quae
1461 1414 1862 1498 promiserat
1906 1439 1975 1479 se
2038 1416 2097 1480 ei
2152 1416 2599 1480 restituturum
2644 1415 2823 1479 circa

441 1501 690 1566 Natale
718 1502 988 1567 Domi-ni
1015 1503 1175 1567 anni
1193 1502 1592 1587 praesentis,
1647 1511 1707 1566 et
1752 1504 2007 1594 quidem
2037 1505 2107 1568 in
2138 1511 2476 1568 numerata
2512 1501 2819 1587 pecunia,

441 1589 558 1654 sub
627 1590 1008 1678 obliyatione
1075 1591 1349 1654 omnium
1417 1590 1747 1674 bonorum,
1838 1592 2363 1682 quemadmodum
2443 1599 2500 1654 et
2555 1588 2821 1676 publico

439 1678 855 1742 instrumento
925 1701 1058 1764 per
1123 1678 1450 1744 notarium
1503 1688 1787 1744 vestrum
1855 1679 2130 1766 confecto
2196 1680 2274 1744 id
2336 1680 2503 1744 satis
2558 1685 2817 1742 constat.

447 1765 622 1843 Quia
668 1775 878 1831 autem
921 1788 1119 1855 neque
1165 1767 1508 1851 pecuniam
1551 1775 1765 1831 mutuo
1806 1778 2157 1854 acceptam,
2204 1790 2402 1855 neque
2432 1767 2596 1832 bona
2652 1764 2827 1829 Titio

449 1877 758 1939 eaepreeee
792 1855 1212 1938 hypothecata
1254 1855 1613 1921 nominatus
1648 1856 2071 1941 Sempronius
2118 1856 2420 1936 restituit,
2478 1855 2625 1918 ideo
2663 1854 2827 1938 petit

441 1965 568 2027 per
617 1943 910 2008 Vestram
941 1944 1311 2007 sententiam
1331 1943 1662 2030 finitivam
1708 1945 2147 2029 pronunciari
2178 1953 2235 2007 et
2264 1943 2623 2023 declarari,
2672 1942 2835 2006 bona

450 2030 818 2118 Semprjonii
835 2031 1211 2115 praesentis
1225 2033 1382 2118 jure
1395 2033 1699 2121 piynoris
1724 2042 1782 2096 et
1802 2033 2189 2118 hypothecae
2212 2031 2341 2096 sibi
2364 2053 2501 2095 esce
2523 2030 2654 2094 obli
2694 2037 2829 2106 ata,

451 2142 708 2207 eumque
753 2119 1168 2184 condemnari
1211 2120 1306 2185 ad
1346 2120 1819 2185 relaaeationem
1888 2121 2203 2186 dictorum
2249 2119 2563 2184 bonorum.
2772 2117 2833 2181 ei

447 2207 592 2272 huic
649 2208 954 2291 petitioni
1018 2208 1458 2273 contradicere
1528 2208 1949 2292 Semproniae
2016 2208 2311 2289 uoluerit,
2372 2206 2698 2291 prmnittit
2766 2227 2829 2268 se

448 2295 706 2379 publico
763 2296 1202 2377 instrumento,
1271 2296 1382 2360 ubi
1450 2297 1758 2361 terminus
1820 2320 1947 2382 pro
2018 2296 2467 2362 consuetudine
2513 2291 2673 2381 fori
2740 2293 2835 2358 ad

442 2383 858 2467 probandum
901 2392 1178 2449 statutus
1225 2381 1464 2470 fuerit,
1515 2385 2020 2466 declaraturum,
2070 2383 2234 2463 bona
2280 2381 2652 2468 Sempronii
2678 2382 2837 2468 jure

455 2471 758 2559 piynorie
805 2479 862 2536 et
903 2471 1290 2559 hypothecae
1342 2470 1524 2538 Titio
1569 2494 1707 2539 e88e
1751 2473 2054 2563 obliyata.

1722 2622 1753 2831 ξ
1781 2620 1983 2687 judicis

1431 2708 1626 2747 nomen
1796 2694 1997 2748 actoris

1013 2798 1190 2869 utile8‚
1241 2801 1298 2853 in
1792 2780 1872 2819 ω’

944 2872 1138 2940 quibus
1177 2871 1358 2926 omnia

957 2943 1161 2997 adsunt
1185 2944 1361 3010 requi-

1052 3014 1176 3083 sita,
1211 3019 1274 3066 ut

1435 2905 1678 2961 narratio
1716 2904 1847 2961 facti

1437 3064 1606 3103 causa
1642 3050 1869 3117 petendi

1584 3263 1734 3318 aliud
1766 3270 2071 3335 accusatur,
2093 3272 2148 3320 et
2167 3266 2306 3321 alius
2332 3269 2599 3336 probatur
2640 3266 2731 3336 (Β.
2758 3271 2841 3325 14.

1363 3378 1366 3381 ,
1441 3336 1540 3389 Jus
1578 3335 1737 3392 Prov.
1777 3337 1836 3393 G.
1878 3340 1990 3403 15.)

1585 3407 1746 3475 plura
1783 3408 2166 3463 substantialia
2204 3426 2301 3465 seu
2329 3411 2609 3477 attributa,
2648 3415 2702 3464 et
2732 3410 2846 3478 qui-

475 3484 671 3537 Libelli
709 3499 866 3537 accu-
1447 3480 1568 3533 dem
1607 3479 1803 3533 diversi
1841 3482 2069 3549 generiS,
2108 3483 2451 3536 continentur
2509 3481 2600 3549 (B.
2626 3483 2708 3539 15.
2747 3482 2846 3535 Jus

499 3558 690 3611 sator-ii
727 3560 854 3609 sunt
1447 3551 1604 3606 Prov.
1646 3552 1704 3606 C.
1752 3553 1855 3618 17.)

632 3627 714 3681 vel
1583 3620 1847 3689 judicium
1886 3638 2084 3677 causae
2110 3640 2217 3677 non
2244 3622 2499 3679 definita-e
2526 3624 2635 3680 alio
2674 3630 2847 3680 trans·

1449 3693 1620 3748 fertur
1661 3693 1751 3762 (Β.
1794 3699 1874 3752 17.
1913 3695 2013 3748 Jus
2051 3694 2206 3749 ProV.
2249 3696 2307 3750 C.
2350 3698 2463 3765 18.)

1011 3765 1248 3835 inutileS,
1283 3765 1340 3819 in
1592 3764 1768 3820 forum
1810 3767 1887 3820 rei
1912 3774 2067 3821 actor
2106 3784 2213 3820 non
2240 3768 2487 3835 sequitur
2531 3768 2660 3836 (Jus
2695 3768 2854 3824 Prov.

1007 3839 1202 3908 quibus
1241 3844 1336 3890 aut
1453 3838 1514 3891 C.
1558 3841 1640 3904 19,
1679 3839 1738 3893 C.
1778 3842 1864 3906 20,
1903 3838 1961 3893 C.
2002 3840 2118 3904 21.)

1593 3926 1702 3962 non
1740 3925 1923 3963 omnes
1963 3925 2244 3978 personae,
2317 3926 2546 3978 quarum
2584 3909 2712 3979 quid
2753 3917 2853 3964 aut

1451 3988 1703 4048 respectu
1763 3982 2037 4035 societatis
2088 3987 2183 4033 aut
2232 3982 2551 4036 hereditatis
2602 3982 2844 4051 interest,

1453 4052 1829 4119 exprimuntur
1864 4052 1956 4120 (Β.
1986 4056 2069 4109 18.
2101 4056 2200 4121 19.,
2237 4053 2337 4107 Jus
2365 4054 2522 4107 PrOV.
2549 4053 2607 4107 C.
2634 4056 2721 4123 27,
2758 4058 2843 4121 28,

1455 4128 1544 4193 30,
1579 4128 1667 4192 31,
1706 4128 1792 4194 33,
1830 4128 1916 4192 35,
1954 4124 2067 4191 36.)

1597 4196 1916 4249 convenitur
1940 4211 2008 4250 ex
2052 4210 2134 4263 eo,
2168 4195 2313 4265 qnod
2340 4196 2708 4251 transactione
2736 4205 2853 4251 erat

1461 4267 1891 4335 componendum
1929 4267 2019 4335 (Β.
2058 4270 2144 4324 20.
2179 4268 2279 4321 Jus
2317 4265 2471 4322 Prov.
2513 4268 2569 4322 C.
2596 4272 2709 4333 41.)

1607 4338 1743 4392 nihil
1780 4340 1912 4393 certi
1950 4346 2004 4393 et
2028 4340 2205 4406 aperti
2231 4337 2574 4393 concluditur
2629 4338 2717 4409 (Β.
2745 4343 2860 4408 22.)
