3350 5050
450 379 571 448 122

448 575 755 646 masculis
826 595 958 642 non
1046 573 1295 641 relictis
1386 566 1748 642 decesserit
1770 629 1786 660 ,
1857 573 2010 642 ffliae
2081 573 2471 660 superstites
2539 576 2610 640 in
2681 574 2944 642 herediss

450 683 589 746 tate
642 681 711 743 et
762 674 953 741 bonis
1010 674 1303 760 paternis
1354 674 1748 753 succedant;
1793 677 1850 742 si
1909 681 2132 743 autem
2180 695 2304 741 nec
2357 673 2528 740 filios
2587 695 2710 740 nec
2773 673 2944 741 filias

450 775 700 842 habens
742 778 813 839 et
852 774 1033 842 nulla
1088 775 1171 841 de
1230 773 1418 841 bonis
1474 774 1613 840 suis
1652 775 1720 840 in
1777 776 1914 841 vita
1972 774 2072 842 vel
2117 775 2186 840 in
2229 779 2440 841 morte
2499 773 2931 859 dispositione

446 875 629 943 facta
688 874 987 958 decedat,
1058 874 1489 962 proximiores
1556 893 1766 958 usque
1825 873 1912 942 ad
1983 880 2294 958 quartum
2355 873 2944 960 consanguinitatis

450 976 745 1061 gradum,
786 975 1131 1041 masculini
1172 973 1275 1040 vel
1316 973 1611 1040 feminini
1650 994 1846 1040 sexus
1873 974 2177 1054 heredes,
2218 975 2290 1040 in
2331 974 2518 1042 bonis
2561 976 2696 1041 suis
2739 973 2946 1042 omni-

452 1076 575 1142 bus
618 1081 689 1143 et
729 1075 1101 1142 hereditate
1142 1073 1521 1141 succedant.
1568 1074 1818 1152 Quibus
1863 1095 1995 1141 non
2035 1073 2490 1156 existentibus,
2534 1081 2604 1143 et
2643 1074 2938 1158 legitima

452 1177 769 1242 bonorum
796 1195 1063 1244 suorum
1092 1174 1523 1261 dispositione
1552 1193 1671 1258 per
1697 1173 2088 1242 decedentes
2129 1194 2260 1241 non
2287 1174 2484 1254 facta,
2515 1173 2604 1244 sd
2627 1193 2749 1241 nos
2777 1180 2937 1240 tunc

453 1277 713 1344 demum
742 1276 918 1344 bona
948 1275 1405 1343 decedentium
1434 1273 1661 1342 taliter
1689 1275 2128 1342 devolvantur.
2173 1275 2208 1340 Ι
2235 1274 2417 1341 dale:
2461 1273 2553 1340 Et
2591 1274 2721 1344 hoc
2759 1274 2936 1340 idem

451 1380 523 1444 in
564 1376 757 1444 bonis
798 1397 1044 1456 eorum,
1090 1375 1205 1460 qui
1246 1395 1365 1459 pro
1410 1374 1669 1442 delictis
1713 1375 1852 1441 suis
1897 1374 2168 1459 capitali
2195 1373 2559 1461 puniuntur
2601 1375 2946 1454 sententia,

451 1475 747 1546 volumus
770 1476 1139 1556 observari;
1162 1475 1363 1542 licere
1382 1479 1601 1542 autem
1628 1475 1929 1542 volumus
1943 1475 2244 1542 omnibus
2263 1473 2548 1542 filiorum
2572 1478 2642 1540 et
2659 1473 2946 1540 filiarum

450 1577 842 1666 posteritate
874 1576 1251 1644 carentibus
1284 1582 1353 1642 et
1384 1575 1655 1660 capitali
1695 1577 2023 1644 sententia
2053 1575 2419 1660 puniendis,
2465 1574 2550 1641 de
2593 1574 2782 1641 bonis
2813 1573 2947 1639 suis

451 1677 519 1744 in
562 1679 699 1744 vita
740 1682 812 1744 et
850 1677 921 1742 in
961 1682 1174 1743 morte
1214 1675 1588 1762 disponere,
1628 1681 1828 1761 prout
1875 1696 2096 1743 eorum
2139 1673 2468 1760 placuerit
2507 1673 2844 1740 voluntati.

650 1777 983 1844 Rozsah
1022 1776 1322 1860 sluiby
1364 1775 1785 1860 vojenske.
1831 1777 2076 1842 Listem
2106 1773 2386 1860 slibnym
2411 1797 2446 1840 z
2475 1777 2728 1840 r.1310
2755 1773 2946 1839 uznal

454 1878 601 1946 kral
642 1877 791 1956 Jan,
834 1879 909 1943 ie
953 1875 1295 1961 obyvatele
1358 1877 1537 1942 seme
1580 1876 1774 1943 ceske
1819 1895 1858 1942 a
1898 1874 2240 1943 moravske
2283 1874 2512 1959 nejsou
2553 1873 2822 1959 povinni
2864 1872 2949 1938 ke

454 1977 677 2046 sluibe
709 1976 1042 2061 vojensk6‚
1084 1975 1236 2043 leda
1262 1974 1431 2059 kdyz
1459 1976 1545 2059 by
1575 1995 1649 2042 se
1683 1975 1954 2060 jednalo
1985 1997 2026 2043 o
2055 1975 2330 2043 braneni
2356 1976 2536 2041 zeme
2565 1973 2846 2059 (nobiles
2877 1978 2947 2038 et

456 2078 801 2161 terrigenae
856 2097 989 2142 non
1053 2081 1363 2142 teneatur
1416 2093 1539 2141 nec
1602 2095 1722 2141 nos
1779 2075 1960 2160 ipsos
2024 2077 2109 2144 ad
2165 2076 2296 2142 hoc
2353 2075 2668 2142 debemus
2723 2074 2948 2159 aliqua

454 2179 706 2245 ratione
734 2175 1147 2261 compellere,
1190 2173 1371 2259 quod
1400 2173 1487 2242 ad
1516 2174 2003 2260 expeditionem
2046 2176 2411 2262 procedant
2437 2175 2726 2261 aliquam
2753 2173 2948 2253 ultra,

456 2299 657 2365 quam
699 2283 889 2343 metae
929 2281 1257 2342 terrarum
1297 2275 1585 2343 Boemiae
1614 2282 1686 2341 et
1711 2275 2019 2344 Moravise
2061 2296 2136 2343 se
2175 2275 2600 2360 extendunt).·
2630 2273 2942 2341 Obnoven

447 2379 584 2463 jest
636 2377 765 2442 slib
820 2381 1007 2442 tento
1072 2375 1229 2442 take
1272 2397 1311 2440 v
1352 2377 1692 2460 potvrzeni
1749 2377 1911 2462 prav
1977 2377 2420 2457 Moravanum,
2485 2375 2650 2441 kdez
2707 2395 2778 2440 se
2835 2374 2936 2439 di:

458 2477 649 2545 Ultra
702 2482 911 2543 metas
966 2479 1149 2561 regni
1208 2475 1419 2543 nostri
1460 2475 1749 2545 Boemiae
1806 2483 1876 2543 et
1928 2477 2416 2544 marchionatus
2477 2476 2802 2555 Moraviae,
2857 2474 2944 2541 ad

458 2598 733 2665 quorum
774 2574 1221 2644 defensionem
1263 2582 1387 2643 etc.
1438 2614 1511 2625 --
1556 2597 1679 2662 pro
1723 2577 2182 2663 subjugatione
2223 2576 2502 2662 alicujus
2545 2582 2738 2642 terrae
2780 2574 2940 2641 alie-

456 2679 709 2763 nigenoe
750 2697 865 2745 eos
906 2676 1148 2743 invitos
1190 2675 1563 2743 nullatenus
1592 2676 2112 2763 compellemus.)
2149 2716 2230 2725 —
2273 2676 2573 2744 Zavirala
2611 2696 2684 2742 se
2727 2697 2766 2740 v
2809 2682 2948 2740 tom

456 2777 716 2865 naopak
756 2776 1105 2862 povinnost
1152 2777 1487 2861 vzajemua
1518 2777 1639 2863 jak
1681 2778 2039 2847 Moravanu
2079 2779 2195 2845 tak
2247 2756 2489 2856 (lechii,
2532 2778 2663 2862 aby
2707 2774 2954 2843 branili

355 2880 365 2895 ‘
454 2880 621 2947 zemi
660 2876 863 2962 svych
905 2896 992 2943 na
1044 2876 1306 2961 vzajem.
1354 2912 1429 2925 —
1478 2875 1750 2943 chtsl-li
1793 2878 1938 2946 kral
1999 2878 2394 2964 obyvatelur
2436 2878 2704 2964 pfim6fi
2743 2878 2790 2942 k
2833 2878 2949 2943 ne-

447 2978 604 3066 Jake
645 2976 915 3044 valetne
970 2978 1253 3062 vyprave
1298 2996 1377 3043 za
1417 2976 1708 3057 hranice‚
1767 2979 1975 3046 musel
2023 2999 2062 3044 ο
2103 2985 2177 3045 to
2219 3000 2251 3045 s
2293 2978 2451 3044 nimi
2486 2978 2744 3063 J‘ednati
2790 2977 2950 3062 (nisi

453 3080 583 3146 hoc
608 3078 699 3144 ab
728 3077 825 3143 eis
852 3083 931 3142 ut
956 3076 1135 3142 ultra
1159 3083 1375 3144 metas
1416 3076 1597 3161 ipsas
1643 3078 1731 3145 ad
1763 3079 2251 3164 expeditionem
2279 3078 2664 3163 procedant,
2705 3076 2948 3146 nostris

454 3194 801 3264 possumus
842 3173 1151 3259 precibus
1190 3174 1297 3241 vel
1339 3173 1627 3243 denariis
1659 3178 1974 3247 obtinere.
2013 3214 2084 3227 -
2117 3178 2250 3246 Eos
2293 3178 2532 3244 invitos
2573 3177 2945 3245 nullatenus

458 3274 967 3363 compellemus).
1022 3273 1081 3338 V
1126 3280 1265 3341 tom
1310 3276 1525 3344 ovsem
1568 3277 1790 3361 nebyli
1832 3278 2133 3343 zahi-nuti
2178 3277 2458 3345 manere
2498 3277 2835 3347 kralovsti.

653 3374 1176 3443 Povolovani
1237 3376 1502 3443 berni.
1586 3375 1870 3443 Kralove
1923 3376 2090 3444 cesti
2131 3376 2416 3446 zavazali
2477 3398 2566 3457 se,
2611 3380 2686 3443 ie
2745 3376 2947 3445 berne

457 3478 675 3547 iadati
716 3498 760 3544 a
802 3476 977 3544 brati
1032 3475 1256 3544 nechti
1298 3476 1523 3543 krome
1581 3476 1768 3544 tiech
1828 3478 2130 3563 pHpadfi‚
2182 3478 2360 3563 J'esto
2407 3476 2596 3561 byly:
2651 3476 2946 3543 Koruno—

456 3580 623 3657 vani,
666 3577 900 3645 sfiatek
940 3576 1190 3657 krffluv,
1234 3576 1468 3645 snatek
1496 3598 1661 3661 syna
1705 3577 1832 3644 neb
1875 3578 2074 3662 dcery
2101 3576 2466 3645 kralovske.
2511 3578 2712 3645 Berni
2755 3576 2944 3643 tako·

457 3698 585 3746 vou
624 3677 887 3744 kralove
932 3679 1048 3746 bez
1093 3679 1455 3745 zvlastniho
1500 3678 1823 3763 piivoleui
1865 3681 2096 3747 susum
2138 3678 2530 3764 rozpisovali
2558 3698 2602 3744 a
2637 3674 2950 3760 vybirali.

457 3777 725 3845 Jestliie
782 3776 1047 3844 kralove
1104 3798 1143 3845 v
1197 3778 1423 3863 jinych
1484 3778 1847 3864 pHpadech
1905 3779 2130 3845 krome
2187 3778 2417 3845 techto
2463 3775 2952 3864 ‚pravidelnych

461 3876 661 3946 berne
702 3876 936 3958 zaddi,
984 3876 1143 3961 jako
1187 3900 1275 3944 na
1316 3882 1411 3964 pi.
1454 3878 1538 3946 ke
1582 3879 1781 3963 koupi
1832 3878 2060 3963 jinych
2103 3878 2292 3958 semi,
2343 3878 2386 3942 k
2427 3877 2800 3961 vylroupeni
2841 3895 2946 3943 za-

459 3978 812 4047 staveneho
866 3977 1054 4045 zboii
1108 3977 1543 4047 kralovskeho
1600 3978 1790 4075 atad-‚v
1813 3977 1971 4062 tedy
2027 4000 2068 4043 v
2123 3979 2277 4044 tech
2335 3977 2696 4062 pripadech
2753 3975 2952 4063 pied-

460 4077 715 4146 chazeti
770 4076 1021 4143 muselo
1110 4078 1385 4147 fivoleni
1427 4078 1675 4144 susmu.
1757 4076 1974 4163 Stitny
2019 4099 2057 4143 o
2101 4084 2242 4144 tom
2283 4078 2539 4145 navesti
2579 4076 2754 4144 davd
2794 4077 2948 4141 ska:

463 4178 713 4259 „Berne
754 4176 933 4245 slove
974 4198 1013 4242 v
1054 4096 1359 4245 gechach
1406 4178 1663 4245 obecna
1705 4196 1942 4263 pomoc
1985 4176 2274 4262 kralovi3
2316 4176 2387 4245 te
2427 4177 2507 4242 su
2551 4176 2691 4260 byli
2719 4176 2954 4260 najprv

461 4278 617 4365 pani
644 4277 925 4363 dobrym
966 4262 1283 4362 iimyslem
1328 4296 1447 4365 pro
1492 4277 1742 4344 obecne
1788 4277 1992 4345 dobre
2032 4275 2324 4363 povolili,
2365 4298 2409 4344 a
2435 4299 2475 4342 v
2503 4275 2749 4361 pravde
2778 4297 2818 4340 v
2837 4275 2956 4341 tak

461 4378 645 4465 pilmi
690 4378 973 4465 poti-ehu
1030 4378 1302 4447 kralovu
1344 4379 1388 4444 k
1428 4377 1802 4446 zemskemu
1845 4376 2164 4447 dobremu
2219 4378 2500 4465 zpravne
2538 4377 2594 4461 ji
2637 4376 2795 4461 maji
2836 4394 2958 4460 po·

461 4478 703 4548 veliti)⁸
740 4516 816 4531 -
849 4479 1017 4548 Dale
1057 4479 1225 4568 pak:
1274 4479 1476 4563 ¹‚Pani
1518 4478 1734 4546 lii-esis
1776 4501 1816 4544 v
1856 4477 2062 4562 berni,
2105 4476 2528 4565 pocblebujic
2569 4496 2612 4543 a
2653 4474 2956 4543 nechtiec
