3350 5050
1509 539 1616 592 Tit.
1655 539 1804 595 XXI.
2760 527 2855 614 372

461 685 594 745 tate
641 681 875 760 agitur.
933 677 1098 743 Nam
1159 678 1478 760 praedicti
1533 675 1757 742 fratris
1802 677 1935 758 filii,
1994 682 2117 745 etsi
2180 683 2371 747 tertio
2435 681 2641 762 gradu
2696 683 2852 762 sint,³

461 767 913 849 praeferuntur
944 771 1157 832 tamen
1191 767 1502 832 fratribus
1533 765 1839 846 defuncti,
1886 769 1990 846 qui
2024 788 2102 833 ex
2135 788 2259 834 uno
2292 775 2539 835 tantum
2568 777 2839 850 parente

461 856 716 937 cognati
762 862 968 921 erant.

653 944 810 1009 Post
855 944 1092 1009 fratres
1135 965 1210 1010 ex
1245 949 1516 1022 utroque
1547 946 1823 1024 parente
1855 948 1922 1009 et
1952 963 2173 1010 eorum
2203 943 2385 1024 filios,
2420 945 2843 1010 admittuntur

463 1033 544 1096 de
602 1032 761 1098 Jure
822 1033 1152 1099 Communi
1219 1053 1299 1098 ex
1361 1050 1482 1096 uno
1566 1031 1770 1095 latere
1844 1031 2082 1098 fratres
2150 1050 2504 1113 sororesve,
2573 1052 2843 1113 cumque

463 1120 560 1183 his
627 1127 694 1186 et
759 1119 871 1184 filii
924 1138 1166 1202 eorum,
1235 1123 1290 1186 si
1337 1118 1445 1200 qui
1494 1119 1630 1198 jam
1703 1118 2098 1187 decesserint
2162 1139 2241 1184 ex
2313 1121 2409 1186 iis.
2480 1123 2566 1187 Hi
2630 1127 2842 1187 autem

463 1208 736 1272 fratrum
805 1208 936 1288 filii,
1007 1228 1150 1274 cum
1205 1228 1402 1291 pares
1471 1209 1599 1272 sint
1658 1206 1943 1272 defuncti·
1998 1209 2327 1290 fratribuS,
2389 1209 2842 1290 praeferuntur

463 1296 686 1377 procul
735 1297 924 1363 dubio
976 1297 1262 1377 ejusdem
1323 1295 1604 1362 defuncti
1651 1298 1901 1375 patruis
1948 1302 2014 1360 et
2061 1297 2201 1361 aliis
2246 1296 2576 1364 similibus
2650 1297 2735 1363 Et
2782 1299 2843 1362 in

467 1386 564 1450 his
609 1386 1114 1451 successionibus
1161 1387 1414 1451 omnino
1462 1388 1672 1448 cessat
1718 1401 1907 1449 sexus
1952 1391 2018 1450 et
2065 1385 2426 1466 agnationis
2470 1387 2659 1451 ratic.

635 1463 818 1547 '(Hic
861 1479 1016 1539 nota
1063 1472 1484 1540 differentiam
1533 1472 1706 1537 inter
1752 1479 2023 1551 agnatos
2070 1479 2183 1538 aut
2228 1478 2552 1554 cognatos,
2615 1474 2848 1555 Agnati

469 1560 785 1641 dicuntur,
847 1562 957 1641 qui
1000 1563 1182 1628 nobis
1229 1566 1375 1628 sunt
1422 1559 1738 1639 conjuncti
1788 1561 2039 1626 ratione
2088 1580 2274 1627 sexus
2321 1561 2539 1642 virilis,
2588 1562 2765 1641 quasi
2812 1581 2851 1626 a

468 1653 658 1729 patre
729 1651 1016 1729 cognati3
1101 1671 1214 1716 nos
1302 1648 1697 1730 appellamus
1784 1647 2188 1714 collaterales
2271 1667 2311 1712 a
2375 1654 2563 1731 parte
2632 1651 2847 1730 gladii.

468 1739 738 1817 Cognati
787 1756 937 1802 vero
1003 1746 1168 1818 sunt,
1230 1740 1339 1819 qui
1377 1742 1514 1818 'per
1573 1737 1912 1801 femineum
1976 1755 2195 1802 sexum
2256 1739 2437 1803 nobis
2494 1744 2643 1803 sunt
2703 1757 2849 1803 con-

457 1825 698 1905 juncti3
747 1825 861 1890 hos
907 1827 1314 1893 collaterales
1359 1846 1398 1892 a
1443 1829 1629 1906 parte
1675 1825 1798 1888 fusi
1844 1823 2291 1907 appellamus)

659 1913 816 1979 Post
857 1913 1116 1996 fratreS,
1167 1916 1566 1992 fratrumque
1613 1911 1775 1976 filios
1824 1920 2153 1995 vocantur,
2214 1915 2574 1996 quicunque
2638 1916 2845 1995 gradu

465 2007 615 2067 sunt
646 2003 1094 2082 proximiores;
1148 2008 1215 2068 et
1243 2021 1436 2086 pares
1477 2004 1541 2065 in
1573 2000 1782 2081 gradu
1810 2002 2059 2082 pariter
2102 2001 2545 2081 admittuntur,
2595 2002 2851 2068 sublata

467 2089 636 2154 omni
666 2089 1028 2157 differentia
1068 2094 1146 2157 de
1169 2091 1326 2156 Jure
1353 2090 1542 2169 Prag.
1569 2090 1994 2154 masculorum
2035 2096 2102 2155 et
2142 2089 2519 2156 feminarum
2546 2081 2659 2160 (F.
2684 2082 2846 2172 14).

663 2179 786 2242 Hic
817 2180 1189 2256 notandum,
1239 2185 1336 2245 tot
1381 2195 1522 2244 esse
1569 2183 1636 2241 et
1677 2177 1951 2241 fratrum
1984 2179 2252 2260 specieS,
2301 2185 2455 2260 quot
2498 2180 2846 2245 liberorum

469 2283 546 2329 ac
615 2272 970 2348 parentum.
1039 2267 1308 2346 Quidam
1359 2267 1524 2332 enim
1578 2264 1820 2329 fratres
1883 2272 2030 2331 sunt
2073 2269 2402 2334 naturales
2461 2273 2530 2333 et
2584 2269 2851 2348 legitimi

467 2354 681 2432 simul;
735 2355 991 2433 quidam
1038 2355 1369 2421 naturales
1415 2359 1701 2433 tantum;
1762 2353 2017 2432 quidam
2065 2355 2333 2435 legitimi
2380 2361 2661 2436 tantum;
2712 2357 2846 2436 qui-

467 2443 611 2506 dam
657 2441 896 2507 fratres
941 2446 1144 2524 spurii
1205 2445 1303 2508 vel
1352 2443 1536 2523 vulgo
1584 2441 1879 2520 quaesiti,
1944 2442 2052 2523 qui
2098 2447 2346 2509 tantum
2394 2445 2633 2508 uterini
2679 2449 2847 2523 sunt,

469 2536 581 2596 aut
625 2532 977 2597 succedunt
1034 2534 1156 2598 sibi
1201 2534 1268 2597 in
1316 2532 1515 2596 vicem
1575 2531 1657 2594 ab
1704 2531 2045 2611 intestat03
2108 2532 2364 2610 quidam
2428 2538 2575 2598 sunt
2618 2532 2850 2597 nefarii

469 2626 536 2684 et
579 2619 947 2700 incestuosi,
1013 2622 1121 2702 qui
1168 2622 1247 2688 ob
1298 2619 1707 2685 atrocitatem
1754 2618 1971 2683 delicti
2030 2638 2149 2684 nec
2220 2621 2302 2684 ad
2348 2621 2552 2701 patris
2598 2622 2720 2686 nec
2759 2611 2849 2684 *ad

466 2709 692 2772 matris
738 2709 1208 2774 successionem
1258 2708 1716 2785 admittuntur3
1766 2708 2027 2785 quidam
2077 2708 2445 2788 adulterini,
2496 2708 2721 2788 quibus
2769 2710 2849 2773 de

466 2796 679 2876 rigore
718 2796 882 2877 juris
928 2797 1130 2862 civilis
1188 2818 1266 2861 ne
1315 2795 1620 2861 alimenta
1677 2794 1931 2873 quidem
2003 2816 2041 2861 a
2088 2798 2463 2877 parentibus
2511 2798 2847 2876 debentur,

467 2903 657 2963 quum
717 2886 845 2949 sint
891 2886 1062 2951 omni
1093 2885 1456 2950 substantia
1487 2891 1827 2964 parentum
1858 2884 2121 2965 indigni,
2158 2902 2277 2947 nec
2307 2903 2536 2949 nomen
2566 2884 2853 2949 habeant

466 2971 766 3053 filiorum;
832 2973 984 3039 licet
1045 2974 1124 3039 de
1173 2974 1498 3054 aequitate
1559 2972 1867 3036 canonica
1915 2972 2279 3037 debeantur
2339 2972 2463 3036 illis
2523 2973 2847 3051 alimenta,

465 3065 733 3142 propter
781 3060 1142 3126 naturalem
1193 3061 1604 3141 aequitatem,
1654 3077 1845 3138 quam
1878 3060 2172 3126 Canones
2220 3079 2477 3140 semper
2524 3060 2604 3125 ob
2637 3061 2853 3125 oculos

466 3148 722 3214 habent.
800 3148 1114 3213 Educatio
1176 3147 1490 3229 siquidem
1549 3152 1649 3211 est
1700 3147 1862 3226 Juris
1922 3153 2219 3228 naturae,
2280 3153 2477 3227 atque
2536 3148 2849 3228 originem

465 3236 662 3300 habet
706 3258 786 3303 ex
825 3237 1126 3303 instinctu
1170 3242 1465 3313 naturae,
1527 3233 1689 3299 adeo
1737 3236 2012 3316 quidem,
2061 3243 2133 3301 ut
2178 3236 2230 3299 si
2280 3242 2583 3317 parentes
2628 3236 2851 3302 liberis

466 3324 899 3405 indigentibus
946 3325 1252 3391 alimenta
1298 3325 1613 3403 negarint,
1659 3323 1983 3387 homicidii
2030 3322 2278 3404 possint
2327 3324 2639 3389 accusari.

663 3413 942 3491 Quartus
989 3413 1143 3478 ordo
1194 3412 1672 3478 succedentium
1705 3416 1805 3475 est
1852 3411 2225 3493 conjugum;
2273 3431 2421 3477 nam
2468 3413 2741 3477 maritus
2786 3419 2853 3476 et

465 3519 624 3564 uxor
655 3502 735 3565 ab
783 3502 1088 3566 intestato
1121 3502 1393 3567 invicem
1437 3499 1556 3564 sibi
1601 3498 1668 3562 in
1702 3499 1974 3564 solidum
2004 3519 2121 3581 pro
2155 3501 2415 3580 antiquo
2443 3500 2591 3579 jure
2632 3518 2851 3565 succe-

463 3589 638 3653 dunt.
691 3589 929 3653 Verum
976 3588 1043 3652 id
1089 3589 1399 3670 intellige,
1441 3588 1494 3651 si
1527 3586 1827 3666 coniuges
1872 3589 2041 3652 bona
2090 3607 2207 3653 sua
2240 3606 2318 3651 ex
2348 3593 2536 3669 pacto
2573 3588 2853 3653 solennis

463 3675 828 3742 traditionis
859 3677 979 3742 sibi
1007 3682 1220 3742 mutuo
1247 3676 1610 3756 obligarunt
1633 3664 1739 3755 (0.
1767 3674 1871 3740 53.
1872 3665 1932 3755 ).
1960 3675 2087 3741 Aut
2112 3676 2167 3740 si
2194 3676 2333 3755 quis
2360 3694 2581 3741 eorum
2612 3675 2856 3741 relictis

462 3764 682 3828 liberis
714 3765 1012 3843 moritur;
1041 3784 1115 3831 eo
1145 3782 1299 3830 casu
1324 3782 1576 3845 quoque
1600 3768 1749 3842 post
1773 3769 2038 3827 mortem
2072 3764 2418 3828 liberorum
2444 3764 2856 3844 supervivens

467 3852 737 3931 conjunx
783 3852 1069 3931 succedit
1113 3842 1237 3933 (Id
1280 3852 1499 3939 colliqi
1545 3851 1691 3916 licet
1738 3874 1819 3915 επ
1865 3852 1997 3938 leye
2042 3852 2158 3916 aab
2207 3852 2406 3915 litera
2455 3852 2528 3914 F.
2578 3843 2725 3932 10.)

664 3942 762 4005 De
802 3942 950 4021 jure
998 3943 1256 4022 antiquo
1307 3946 1515 4005 mater
1573 3960 1650 4003 ex
1698 3940 1877 4004 bonis
1928 3941 2137 4004 mariti
2188 3939 2474 4004 defuncti
2522 3940 2853 4005 semissem

469 4029 786 4109 capiebat,
855 4034 920 4094 et
991 4028 1224 4095 deinde
1290 4030 1355 4094 in
1427 4027 1628 4092 altero
1699 4029 1960 4092 semisse
2008 4046 2148 4091 cum
2212 4028 2436 4092 liberis
2508 4046 2709 4107 usque
2773 4029 2856 4092 ad

467 4115 888 4199 quadrantem
921 4135 1172 4198 quoque
1205 4116 1622 4191 succedebat;
1661 4114 1773 4189 sed
1804 4113 1959 4178 illud
1990 4134 2108 4195 per
2140 4134 2335 4180 novas
2370 4116 2856 4181 constitutiones

465 4204 693 4285 Regni,
720 4208 1026 4283 tanquam
1051 4204 1184 4285 juri
1217 4210 1284 4269 et
1313 4204 1621 4281 aequitati
1656 4204 2071 4282 eontrarium,
2091 4203 2348 4283 penitus
2381 4209 2481 4268 est
2510 4203 2855 4270 sublatum.

467 4292 678 4359 Hodie
724 4310 958 4374 nempe
1005 4298 1218 4357 mater
1262 4309 1405 4356 cum
1456 4289 1672 4355 liberis
1720 4292 2088 4355 extantibus
2150 4293 2214 4355 in
2263 4293 2496 4372 capita,
2571 4292 2691 4356 hoc
2762 4297 2861 4355 est

468 4402 586 4465 pro
632 4388 780 4446 rata
824 4388 893 4447 et
939 4381 1104 4447 virili
1158 4380 1476 4462 portione,
1541 4378 1840 4444 defuncto
1903 4378 2130 4443 marito
2190 4379 2476 4445 succedit
2536 4372 2640 4459 (Ο.
2690 4378 2795 4444 61.
2795 4370 2856 4460 ).

665 4468 733 4535 Si
781 4470 1080 4550 conjuges
1137 4470 1376 4535 liberos
1439 4485 1560 4531 non
1611 4467 1869 4547 habent,
1931 4485 2139 4547 neque
2201 4486 2280 4532 ex
2326 4472 2515 4548 pacto
2582 4467 2859 4533 solennis

466 4558 831 4624 traditionis
899 4562 1066 4625 bona
1113 4558 1238 4625 sibi
1303 4558 1596 4636 invicem,
1661 4556 1871 4634 quoad
1922 4556 2406 4637 successionem,
2458 4556 2847 4637 obligarunt:
