3350 5050
535 531 620 600 70
1481 529 1546 583 V.
1587 527 1987 598 OphthalmiuS.

748 669 873 734 Est
913 667 1078 734 haec
1123 667 1227 734 lex
1269 687 1398 734 non
1443 667 1705 750 scripta,
1770 666 1888 732 sed
1933 669 2107 744 nata,
2158 686 2347 749 quam
2393 687 2519 734 non
2566 667 2926 752 didicimus,

553 759 936 840 accepimus
1001 773 1223 822 verum
1283 775 1365 822 ex
1423 761 1660 822 natura
1731 755 1875 838 ipsa
1936 754 2343 837 arripuimus,
2400 756 2748 838 hausimuS,
2816 777 2927 824 ex-

548 847 919 927 pressimuS,
969 847 1043 908 ut
1086 843 1142 908 si
1175 844 1308 909 vita
1352 851 1574 911 nostra
1621 845 1687 910 in
1720 845 1966 923 aliquas
2011 844 2295 923 insidiae,
2344 844 2398 910 si
2426 847 2492 911 in
2524 847 2669 926 vim,
2701 846 2766 910 in
2797 846 2929 911 tela

546 934 865 999 latronum
915 937 1029 998 ant
1081 931 1480 998 inimicorum
1528 933 1880 1011 incidisset,
1940 933 2145 996 omnis
2210 933 2377 1000 ratio
2422 935 2697 1000 honesta
2758 939 2932 1000 esset

542 1021 986 1104 expediendae
1009 1019 1252 1086 salutis,
1280 1020 1416 1086 Imo
1440 1022 1566 1086 duo
1591 1027 1742 1086 sunt
1763 1020 2118 1100 injustitiae
2144 1039 2417 1100 genera:
2446 1024 2655 1089 Unum
2684 1039 2929 1102 eorum,

546 1109 654 1191 qui
697 1109 1011 1189 inferunt;
1063 1108 1338 1174 alterum
1370 1127 1612 1188 eorum,
1646 1110 1755 1189 qui
1803 1108 2046 1174 illatam
2092 1108 2388 1188 injuriam
2437 1129 2477 1176 a
2521 1129 2590 1176 se
2620 1129 2745 1175 non
2777 1127 2925 1191 pro-

541 1198 818 1280 pulsant.
883 1195 1004 1275 Qui
1049 1214 1278 1277 nempe
1325 1214 1396 1263 se
1443 1215 1568 1262 non
1616 1187 1906 1263 de'fendit
1962 1214 2085 1260 nec
2131 1196 2385 1264 obsistit
2428 1196 2723 1278 injuriae,
2780 1196 2929 1261 dum

542 1290 775 1367 potest,
801 1289 934 1350 tam
959 1287 1146 1351 estin
1169 1285 1344 1366 vitio,
1367 1302 1442 1352 ac
1465 1286 1520 1351 si
1545 1292 1871 1366 parenteS,
1897 1284 2137 1352 amicos
2162 1289 2275 1351 aut
2296 1287 2573 1368 patriam
2600 1285 2927 1368 proderet.

1413 1499 1540 1571 De
1594 1497 1668 1570 vi
1704 1496 2023 1596 privata.

741 1639 856 1706 Vis
899 1639 1159 1719 privata
1192 1637 1629 1714 committitur,
1665 1636 1921 1716 quando
1955 1635 2098 1717 quis
2130 1637 2265 1702 sine
2298 1636 2515 1716 armis,
2564 1636 2631 1700 in
2662 1635 2928 1701 alterius

539 1747 651 1796 res
673 1726 795 1793 vel
844 1743 1077 1809 corpus
1138 1727 1446 1808 impetum
1496 1723 1685 1804 facit;
1753 1730 1825 1788 ut
1869 1725 1923 1789 si
1984 1725 2125 1804 quis
2179 1725 2244 1789 id
2294 1724 2464 1804 quod
2523 1725 2645 1790 sibi
2706 1724 2928 1789 deberi

550 1821 754 1900 putat,
825 1833 950 1880 non
1019 1815 1188 1896 apud
1255 1813 1558 1894 judicem,
1629 1813 1744 1877 sed
1812 1830 2005 1878 manu
2072 1830 2189 1877 sua
2254 1819 2571 1894 reposcat,
2661 1811 2929 1892 aliisque

547 1905 800 1986 eripiat.
849 1903 970 1968 Vel
1015 1904 1070 1968 si
1104 1902 1244 1983 quis
1295 1902 1434 1966 sine
1473 1900 1713 1981 judicis
1756 1902 2103 1966 autoritate
2149 1920 2257 1966 res
2303 1900 2613 1966 debitoris
2637 1907 2930 1981 occupet,

550 1994 721 2059 bon-a
766 1991 1049 2072 litigiosa
1091 2009 1212 2072 per
1250 1989 1530 2072 judicem
1577 1988 1860 2070 sigillata
1904 1995 2156 2054 reseret
2202 1995 2269 2054 et
2313 1989 2520 2069 sigilla
2565 1989 2823 2070 publica
2866 1987 2932 2051 in

543 2081 708 2163 Juris
775 2083 1209 2161 contemptum
1277 2078 1542 2143 laceret.
1613 2076 1703 2141 Et
1746 2077 1897 2143 talis
1960 2077 2131 2157 apud
2177 2093 2293 2142 nos
2359 2095 2635 2158 poenam
2704 2075 2933 2158 capitis

551 2167 824 2234 incurrit
882 2159 1008 2247 (D.
1055 2157 1223 2248 38.).
1294 2169 1396 2232 De
1440 2165 1600 2230 Jure
1669 2165 1841 2230 civili
1884 2165 2175 2230 Romano
2244 2165 2341 2230 vis
2409 2165 2670 2245 privata
2736 2165 2932 2229 tertia

548 2261 736 2339 parte
784 2255 1093 2321 bonorum
1141 2261 1208 2320 et
1251 2253 1512 2319 infamia
1558 2253 1922 2318 mulctatur.

592 2337 602 2344 ’
741 2344 889 2410 Huc
923 2343 1208 2424 pertinet
1247 2342 1444 2408 etiam
1477 2358 1796 2419 excessus,
1830 2358 2018 2421 quem
2052 2339 2242 2422 vulgo
2292 2341 2447 2421 pud)
2497 2339 2923 2420 appellamus;

545 2432 754 2502 ·veluti
819 2432 870 2496 si
919 2431 1062 2512 quis
1105 2430 1170 2494 in
1242 2429 1401 2495 silva
1447 2428 1713 2495 alterius
1782 2428 1958 2510 ligna
2004 2434 2204 2502 secat,
2276 2446 2541 2510 gramen
2600 2427 2664 2492 in
2721 2427 2933 2491 fundis

555 2519 780 2589 alienis
826 2519 1125 2599 defalcat,
1173 2519 1439 2586 arbores
1484 2521 1552 2583 et
1597 2519 1761 2585 vites
1806 2517 1872 2583 in
1919 2517 2119 2585 vineis
2165 2515 2411 2599 effodit,
2457 2517 2521 2582 in
2569 2515 2935 2582 fluminibus

554 2609 780 2677 alienis
818 2609 1130 2691 piscatur,
1171 2612 1284 2673 ant
1313 2605 1627 2671 servitute
1671 2606 2017 2672 interdicta
2046 2623 2169 2671 non
2205 2606 2501 2671 abstinet.
2552 2603 2934 2687 Hujusmodi

554 2697 945 2764 mulctantur
991 2695 1213 2761 decem
1275 2694 1613 2775 sexagenis
1665 2711 2053 2776 grossorum,
2115 2699 2183 2759 et
2228 2694 2527 2758 damnum
2572 2710 2692 2774 pro
2738 2693 2934 2759 aesti-

556 2786 840 2851 matione
865 2783 1102 2865 judicis
1124 2802 1246 2865 per
1267 2801 1379 2849 eos
1403 2784 1757 2849 resarcitur
1779 2771 1892 2863 (Q.
1923 2784 1979 2848 1.
2010 2782 2181 2848 Diei.
2220 2783 2275 2847 1.
2304 2784 2429 2847 Jue
2455 2781 2647 2848 Prov.
2681 2782 2756 2848 L.
2784 2770 2933 2863 41.)

744 2871 866 2951 Qui
925 2872 1004 2939 de
1049 2876 1237 2938 nocte
1298 2871 1516 2936 taliter
1563 2870 1961 2951 delinquunt,
2019 2870 2174 2935 furti
2236 2870 2548 2952 supplicio
2602 2875 2931 2951 tenentur,

547 2962 604 3027 si
649 2961 892 3027 fuerint
937 2959 1174 3027 subditi
1219 2948 1384 3040 (Jue
1429 2960 1624 3025 Prov.
1673 2959 1749 3025 L.
1801 2952 1950 3039 43.)

747 3048 871 3127 Qui
916 3048 1206 3115 terminis
1254 3048 1442 3113 motis
1489 3051 1557 3112 et
1587 3047 1711 3112 alio
1754 3048 1890 3113 sine
1922 3044 2316 3128 possessoris
2362 3063 2675 3111 consensu
2720 3050 2931 3113 trans-

557 3137 727 3218 latis,
775 3154 966 3218 agros
1025 3135 1128 3201 vel
1183 3135 1410 3202 fundos
1455 3141 1678 3214 mutat,
1741 3134 2088 3200 mulctatur
2147 3130 2231 3198 20
2278 3152 2493 3215 sexag.
2542 3152 2635 3214 gr.
2707 3123 2752 3214 (
2750 3134 2824 3212 Q.
2870 3134 2934 3200 2.

547 3224 724 3293 Dist.
773 3227 829 3291 1.
881 3226 1007 3290 ιῙιιε
1057 3224 1246 3291 Prov.
1299 3223 1376 3289 L.
1429 3212 1576 3303 45.)

743 3314 843 3378 De
889 3313 1052 3379 Jure
1097 3312 1423 3378 Caesareo
1489 3329 1751 3376 movens
1797 3310 2107 3376 terminos
2170 3308 2386 3376 finium
2434 3328 2631 3376 causa
2674 3311 2937 3393 positoS,

551 3401 898 3468 mulctatur
945 3400 1408 3483 quinquaginta
1454 3400 1689 3465 aureis,

1044 3602 1170 3676 De
1215 3600 1455 3675 uma-is
1506 3616 1568 3675 et
1618 3600 1924 3675 crimine
1960 3600 2425 3701 partitorum.

745 3744 962 3811 Usura
1005 3741 1164 3808 nihil
1211 3743 1384 3807 aliud
1431 3748 1548 3824 est,
1599 3744 1722 3808 nisi
1786 3743 1850 3808 id
1900 3744 2071 3823 quod
2134 3744 2232 3810 rei
2278 3749 2617 3811 mutuatae
2676 3746 2945 3811 accedit

547 3831 750 3914 ipsius
817 3832 916 3897 rei
979 3849 1133 3896 usus
1202 3831 1431 3912 gratia.
1499 3830 1704 3897 Nemo
1765 3833 1935 3897 enim
2006 3832 2256 3913 cogitur
2324 3832 2405 3897 de
2468 3834 2732 3915 proprio
2792 3852 2933 3899 esse

545 3920 889 4000 beneficuS,
951 3919 1004 3985 si
1059 3919 1234 3985 nolit.
1303 3918 1617 3999 Quicquid
1673 3919 1891 4000 itaque
1951 3922 2125 3986 ultra
2182 3923 2419 3986 sortem
2475 3939 2595 4002 pro
2655 3940 2772 3987 usu
2819 3924 2935 4002 rei,

545 4012 833 4075 mutuato
881 4007 1144 4089 petitur,
1192 4006 1260 4072 id
1303 4025 1422 4088 pro
1470 4025 1668 4072 usura
1713 4006 2010 4073 habetur.

742 4099 842 4162 De
871 4097 1032 4161 Jure
1057 4094 1243 4160 Civili
1273 4112 1505 4160 usurae
1538 4096 1705 4161 aliae
1736 4102 1924 4161 erant
1945 4097 2239 4178 majoreS,
2274 4096 2484 4163 dictae
2512 4098 2926 4179 centesimae,

547 4205 626 4253 ex
669 4204 746 4251 eo
795 4184 963 4265 quod
1011 4182 1356 4251 centesimo
1415 4201 1632 4248 mense
1682 4185 2046 4263 aequabant
2106 4190 2367 4251 sortem.
2437 4186 2627 4266 Apud
2676 4192 2928 4252 veteres

542 4290 771 4355 nempe
827 4290 953 4337 non
1015 4288 1268 4337 annuae
1331 4271 1497 4337 sicut
1554 4272 1727 4352 apud
1772 4290 1908 4354 nos,
1976 4272 2093 4339 sed
2142 4278 2511 4338 menstruae
2556 4280 2764 4339 erant.
2844 4274 2931 4339 Et

541 4362 705 4429 tales
771 4360 963 4427 hodie
1029 4358 1098 4424 in
1170 4358 1520 4441 trajectitia
1578 4360 1811 4425 saltem
1875 4362 2151 4443 pecunia
2208 4362 2651 4426 admittuntur.
2737 4362 2919 4427 Aliae

545 4468 698 4517 vero
743 4453 931 4515 erant
961 4449 1258 4527 minoreS,
1304 4447 1371 4513 in
1402 4447 1634 4527 quibus
1678 4446 1967 4515 illustres
1998 4450 2066 4514 in
2102 4467 2270 4515 anno
2301 4448 2382 4514 de
2422 4456 2678 4515 centum
2710 4449 2925 4515 aureis

545 4542 822 4620 quatuor
873 4552 1124 4616 aureosi,
1186 4542 1584 4602 mercatores
1643 4539 1789 4603 octo
1856 4555 2108 4618 aureoS,
2180 4537 2351 4603 aliae
2409 4555 2565 4603 vero
2622 4554 2937 4619 personae
