<?xml version="1.0" encoding="UTF-8"?>
<!DOCTYPE html PUBLIC "-//W3C//DTD XHTML 1.0 Transitional//EN"
    "http://www.w3.org/TR/xhtml1/DTD/xhtml1-transitional.dtd">
<html xmlns="http://www.w3.org/1999/xhtml" xml:lang="en" lang="en">
 <head>
  <title>
</title>
<meta http-equiv="Content-Type" content="text/html;charset=utf-8" />
  <meta name='ocr-system' content='tesseract 3.04.00' />
  <meta name='ocr-capabilities' content='ocr_page ocr_carea ocr_par ocr_line ocrx_word'/>
</head>
<body>
  <div class='ocr_page' id='page_1' title='image "./spisyprvnickopr00repugoog/spisyprvnickopr00repugoog_0286.png"; bbox 0 0 3350 5050; ppageno 0'>
   <div class='ocr_carea' id='block_1_1' title="bbox 509 463 1833 536">
    <p class='ocr_par' dir='ltr' id='par_1_1' title="bbox 509 463 1833 536">
     <span class='ocr_line' id='line_1_1' title="bbox 509 463 1833 536; baseline -0.014 0"><span class='ocrx_word' id='word_1_1' title='bbox 509 467 640 536; x_wconf 77' lang='lat'><strong>274</strong></span> <span class='ocrx_word' id='word_1_2' title='bbox 1560 463 1833 523; x_wconf 82' lang='lat' dir='ltr'><strong>Stranskii</strong></span> 
     </span>
    </p>
   </div>
   <div class='ocr_carea' id='block_1_2' title="bbox 503 604 2894 4310">
    <p class='ocr_par' dir='ltr' id='par_1_2' title="bbox 504 604 2892 1220">
     <span class='ocr_line' id='line_1_2' title="bbox 510 604 2890 689; baseline -0.001 -17"><span class='ocrx_word' id='word_1_3' title='bbox 510 608 873 674; x_wconf 82' lang='lat' dir='ltr'><strong>absolutam</strong></span> <span class='ocrx_word' id='word_1_4' title='bbox 939 608 1362 689; x_wconf 85' lang='lat' dir='ltr'><strong>cognitionem</strong></span> <span class='ocrx_word' id='word_1_5' title='bbox 1426 607 1508 676; x_wconf 90' lang='lat' dir='ltr'><strong>de</strong></span> <span class='ocrx_word' id='word_1_6' title='bbox 1568 605 1834 689; x_wconf 78' lang='lat' dir='ltr'>quodvis</span> <span class='ocrx_word' id='word_1_7' title='bbox 1887 623 2091 686; x_wconf 88' lang='lat' dir='ltr'><strong>genus</strong></span> <span class='ocrx_word' id='word_1_8' title='bbox 2135 604 2354 670; x_wconf 90' lang='lat' dir='ltr'><strong>litibus</strong></span> <span class='ocrx_word' id='word_1_9' title='bbox 2399 622 2440 670; x_wconf 90' lang='lat' dir='ltr'><strong>a</strong></span> <span class='ocrx_word' id='word_1_10' title='bbox 2485 608 2890 671; x_wconf 89' lang='lat' dir='ltr'><strong>caeterorum</strong></span> 
     </span>
     <span class='ocr_line' id='line_1_3' title="bbox 504 693 2890 776; baseline -0.001 -16"><span class='ocrx_word' id='word_1_11' title='bbox 504 693 793 776; x_wconf 87' lang='lat' dir='ltr'><strong>judicum</strong></span> <span class='ocrx_word' id='word_1_12' title='bbox 826 695 1275 776; x_wconf 89' lang='lat' dir='ltr'><strong>tribunalibus,</strong></span> <span class='ocrx_word' id='word_1_13' title='bbox 1324 698 1459 763; x_wconf 89' lang='lat' dir='ltr'><strong>sive</strong></span> <span class='ocrx_word' id='word_1_14' title='bbox 1506 698 1587 762; x_wconf 92' lang='lat' dir='ltr'><strong>ob</strong></span> <span class='ocrx_word' id='word_1_15' title='bbox 1618 697 1819 775; x_wconf 84' lang='lat' dir='ltr'><strong>Regis</strong></span> <span class='ocrx_word' id='word_1_16' title='bbox 1863 695 1991 760; x_wconf 91' lang='lat' dir='ltr'><strong>iter</strong></span> <span class='ocrx_word' id='word_1_17' title='bbox 2035 693 2446 774; x_wconf 85' lang='lat' dir='ltr'><strong>longinquum</strong></span> <span class='ocrx_word' id='word_1_18' title='bbox 2493 697 2562 758; x_wconf 91' lang='lat' dir='ltr'><strong>et</strong></span> <span class='ocrx_word' id='word_1_19' title='bbox 2607 713 2646 758; x_wconf 88' lang='lat' dir='ltr'><strong>a</strong></span> <span class='ocrx_word' id='word_1_20' title='bbox 2688 711 2890 773; x_wconf 86' lang='lat' dir='ltr'><strong>regno</strong></span> 
     </span>
     <span class='ocr_line' id='line_1_4' title="bbox 514 779 2890 866; baseline -0 -18"><span class='ocrx_word' id='word_1_21' title='bbox 514 784 889 864; x_wconf 81' lang='lat' dir='ltr'><strong>absentiam,</strong></span> <span class='ocrx_word' id='word_1_22' title='bbox 938 787 1070 851; x_wconf 91' lang='lat' dir='ltr'><strong>sive</strong></span> <span class='ocrx_word' id='word_1_23' title='bbox 1118 790 1387 866; x_wconf 88' lang='lat' dir='ltr'><strong>propter</strong></span> <span class='ocrx_word' id='word_1_24' title='bbox 1429 785 1629 851; x_wconf 92' lang='lat' dir='ltr'><strong>nodos</strong></span> <span class='ocrx_word' id='word_1_25' title='bbox 1676 781 2022 848; x_wconf 87' lang='lat' dir='ltr'><strong>difficulter</strong></span> <span class='ocrx_word' id='word_1_26' title='bbox 2067 782 2388 862; x_wconf 81' lang='lat' dir='ltr'><strong>solubiles,</strong></span> <span class='ocrx_word' id='word_1_27' title='bbox 2435 779 2561 846; x_wconf 91' lang='lat' dir='ltr'><strong>huc</strong></span> <span class='ocrx_word' id='word_1_28' title='bbox 2601 782 2890 847; x_wconf 86' lang='lat' dir='ltr'>remissis</span> 
     </span>
     <span class='ocr_line' id='line_1_5' title="bbox 514 865 2892 955; baseline -0.002 -17"><span class='ocrx_word' id='word_1_29' title='bbox 514 877 580 938; x_wconf 91' lang='lat' dir='ltr'><strong>et</strong></span> <span class='ocrx_word' id='word_1_30' title='bbox 634 873 949 939; x_wconf 91' lang='lat' dir='ltr'><strong>indecisis.</strong></span> <span class='ocrx_word' id='word_1_31' title='bbox 1022 873 1299 941; x_wconf 89' lang='lat' dir='ltr'><strong>Senatus</strong></span> <span class='ocrx_word' id='word_1_32' title='bbox 1366 873 1555 955; x_wconf 90' lang='lat' dir='ltr'><strong>hujus</strong></span> <span class='ocrx_word' id='word_1_33' title='bbox 1620 865 2056 950; x_wconf 72' lang='grc' dir='ltr'>ἀριπρεπεςάτυ</span> <span class='ocrx_word' id='word_1_34' title='bbox 2125 869 2478 936; x_wconf 87' lang='lat' dir='ltr'><strong>consultum</strong></span> <span class='ocrx_word' id='word_1_35' title='bbox 2547 870 2628 935; x_wconf 90' lang='lat' dir='ltr'><strong>de</strong></span> <span class='ocrx_word' id='word_1_36' title='bbox 2694 887 2892 935; x_wconf 90' lang='lat' dir='ltr'><strong>causa</strong></span> 
     </span>
     <span class='ocr_line' id='line_1_6' title="bbox 514 957 2890 1044; baseline -0.001 -20"><span class='ocrx_word' id='word_1_37' title='bbox 514 963 737 1041; x_wconf 89' lang='lat' dir='ltr'><strong>quavis</strong></span> <span class='ocrx_word' id='word_1_38' title='bbox 782 961 1041 1042; x_wconf 91' lang='lat' dir='ltr'><strong>publica</strong></span> <span class='ocrx_word' id='word_1_39' title='bbox 1084 962 1417 1044; x_wconf 82' lang='lat' dir='ltr'><strong>privatave</strong></span> <span class='ocrx_word' id='word_1_40' title='bbox 1466 962 1664 1027; x_wconf 89' lang='lat' dir='ltr'><strong>semel</strong></span> <span class='ocrx_word' id='word_1_41' title='bbox 1709 961 1968 1038; x_wconf 86' lang='lat' dir='ltr'><strong>factum,</strong></span> <span class='ocrx_word' id='word_1_42' title='bbox 2022 976 2258 1038; x_wconf 91' lang='lat' dir='ltr'><strong>resque</strong></span> <span class='ocrx_word' id='word_1_43' title='bbox 2297 957 2627 1038; x_wconf 85' lang='lat' dir='ltr'><strong>judicatae</strong></span> <span class='ocrx_word' id='word_1_44' title='bbox 2672 974 2890 1023; x_wconf 90' lang='lat' dir='ltr'><strong>omnes</strong></span> 
     </span>
     <span class='ocr_line' id='line_1_7' title="bbox 510 1046 2888 1130; baseline -0 -17"><span class='ocrx_word' id='word_1_45' title='bbox 510 1067 721 1130; x_wconf 90' lang='lat' dir='ltr'><strong>neque</strong></span> <span class='ocrx_word' id='word_1_46' title='bbox 780 1049 899 1115; x_wconf 89' lang='lat' dir='ltr'><strong>sub</strong></span> <span class='ocrx_word' id='word_1_47' title='bbox 959 1049 1256 1115; x_wconf 80' lang='lat' dir='ltr'><strong>incudem</strong></span> <span class='ocrx_word' id='word_1_48' title='bbox 1314 1051 1630 1128; x_wconf 89' lang='lat' dir='ltr'><strong>revocari,</strong></span> <span class='ocrx_word' id='word_1_49' title='bbox 1694 1065 1903 1128; x_wconf 88' lang='lat' dir='ltr'><strong>neque</strong></span> <span class='ocrx_word' id='word_1_50' title='bbox 1963 1049 2027 1112; x_wconf 94' lang='lat' dir='ltr'><strong>in</strong></span> <span class='ocrx_word' id='word_1_51' title='bbox 2080 1046 2347 1112; x_wconf 91' lang='lat' dir='ltr'><strong>concilio</strong></span> <span class='ocrx_word' id='word_1_52' title='bbox 2393 1046 2593 1127; x_wconf 82' lang='lat' dir='ltr'><strong>Regis</strong></span> <span class='ocrx_word' id='word_1_53' title='bbox 2635 1048 2888 1127; x_wconf 86' lang='lat' dir='ltr'><strong>privato</strong></span> 
     </span>
     <span class='ocr_line' id='line_1_8' title="bbox 510 1127 2416 1220; baseline -0.002 -18"><span class='ocrx_word' id='word_1_54' title='bbox 510 1136 611 1202; x_wconf 88' lang='lat' dir='ltr'><strong>vel</strong></span> <span class='ocrx_word' id='word_1_55' title='bbox 658 1136 804 1216; x_wconf 92' lang='lat' dir='ltr'><strong>alio,</strong></span> <span class='ocrx_word' id='word_1_56' title='bbox 850 1137 981 1202; x_wconf 94' lang='lat' dir='ltr'><strong>ullo</strong></span> <span class='ocrx_word' id='word_1_57' title='bbox 1027 1138 1214 1203; x_wconf 92' lang='lat' dir='ltr'><strong>modo</strong></span> <span class='ocrx_word' id='word_1_58' title='bbox 1259 1140 1608 1204; x_wconf 87' lang='lat' dir='ltr'><strong>retractari</strong></span> <span class='ocrx_word' id='word_1_59' title='bbox 1653 1155 1776 1220; x_wconf 89' lang='lat' dir='ltr'><strong>per</strong></span> <span class='ocrx_word' id='word_1_60' title='bbox 1816 1137 1999 1216; x_wconf 83' lang='lat' dir='ltr'><strong>leges</strong></span> <span class='ocrx_word' id='word_1_61' title='bbox 2044 1140 2312 1216; x_wconf 86' lang='lat' dir='ltr'>possunt</span> <span class='ocrx_word' id='word_1_62' title='bbox 2345 1127 2416 1215; x_wconf 89' lang='lat'><strong>¹).</strong></span> 
     </span>
    </p>

    <p class='ocr_par' dir='ltr' id='par_1_3' title="bbox 503 1221 2892 3513">
     <span class='ocr_line' id='line_1_9' title="bbox 706 1221 2884 1307; baseline -0.001 -18"><span class='ocrx_word' id='word_1_63' title='bbox 706 1223 851 1291; x_wconf 92' lang='lat' dir='ltr'><strong>VII.</strong></span> <span class='ocrx_word' id='word_1_64' title='bbox 917 1225 1147 1292; x_wconf 82' lang='lat' dir='ltr'><strong>Restat</strong></span> <span class='ocrx_word' id='word_1_65' title='bbox 1191 1225 1419 1306; x_wconf 89' lang='lat' dir='ltr'><strong>adhuc,</strong></span> <span class='ocrx_word' id='word_1_66' title='bbox 1481 1229 1553 1290; x_wconf 92' lang='lat' dir='ltr'><strong>ut</strong></span> <span class='ocrx_word' id='word_1_67' title='bbox 1608 1231 1756 1307; x_wconf 92' lang='lat' dir='ltr'><strong>post</strong></span> <span class='ocrx_word' id='word_1_68' title='bbox 1815 1225 2053 1290; x_wconf 88' lang='lat' dir='ltr'><strong>usitata</strong></span> <span class='ocrx_word' id='word_1_69' title='bbox 2106 1223 2268 1288; x_wconf 90' lang='lat' dir='ltr'><strong>haec</strong></span> <span class='ocrx_word' id='word_1_70' title='bbox 2315 1227 2510 1304; x_wconf 87' lang='lat' dir='ltr'><strong>atque</strong></span> <span class='ocrx_word' id='word_1_71' title='bbox 2558 1221 2884 1287; x_wconf 87' lang='lat' dir='ltr'><strong>ordinaria</strong></span> 
     </span>
     <span class='ocr_line' id='line_1_10' title="bbox 510 1310 2886 1395; baseline -0.001 -18"><span class='ocrx_word' id='word_1_72' title='bbox 510 1313 695 1393; x_wconf 87' lang='lat' dir='ltr'><strong>regni</strong></span> <span class='ocrx_word' id='word_1_73' title='bbox 734 1313 977 1393; x_wconf 89' lang='lat' dir='ltr'><strong>judicia</strong></span> <span class='ocrx_word' id='word_1_74' title='bbox 1020 1315 1379 1395; x_wconf 84' lang='lat' dir='ltr'><strong>superiora,</strong></span> <span class='ocrx_word' id='word_1_75' title='bbox 1442 1316 1523 1380; x_wconf 90' lang='lat' dir='ltr'><strong>de</strong></span> <span class='ocrx_word' id='word_1_76' title='bbox 1577 1312 2112 1392; x_wconf 85' lang='lat' dir='ltr'><strong>extraordinario,</strong></span> <span class='ocrx_word' id='word_1_77' title='bbox 2176 1310 2346 1391; x_wconf 90' lang='lat' dir='ltr'><strong>quod</strong></span> <span class='ocrx_word' id='word_1_78' title='bbox 2408 1328 2600 1377; x_wconf 92' lang='lat' dir='ltr'><strong>unum</strong></span> <span class='ocrx_word' id='word_1_79' title='bbox 2661 1314 2764 1375; x_wconf 90' lang='lat' dir='ltr'><strong>est</strong></span> <span class='ocrx_word' id='word_1_80' title='bbox 2818 1315 2886 1374; x_wconf 90' lang='lat' dir='ltr'><strong>et</strong></span> 
     </span>
     <span class='ocr_line' id='line_1_11' title="bbox 512 1398 2886 1484; baseline -0.001 -19"><span class='ocrx_word' id='word_1_81' title='bbox 512 1418 551 1465; x_wconf 90' lang='lat' dir='ltr'><strong>a</strong></span> <span class='ocrx_word' id='word_1_82' title='bbox 598 1399 776 1481; x_wconf 78' lang='lat' dir='ltr'><strong>quus</strong></span> <span class='ocrx_word' id='word_1_83' title='bbox 820 1399 955 1467; x_wconf 88' lang='lat' dir='ltr'><strong>fere</strong></span> <span class='ocrx_word' id='word_1_84' title='bbox 1002 1419 1123 1466; x_wconf 91' lang='lat' dir='ltr'><strong>usu</strong></span> <span class='ocrx_word' id='word_1_85' title='bbox 1161 1400 1296 1482; x_wconf 78' lang='lat' dir='ltr'><strong>Jam</strong></span> <span class='ocrx_word' id='word_1_86' title='bbox 1340 1405 1406 1468; x_wconf 93' lang='lat' dir='ltr'><strong>in</strong></span> <span class='ocrx_word' id='word_1_87' title='bbox 1451 1401 1776 1484; x_wconf 87' lang='lat' dir='ltr'><strong>plerisque</strong></span> <span class='ocrx_word' id='word_1_88' title='bbox 1822 1406 1924 1465; x_wconf 92' lang='lat' dir='ltr'><strong>est</strong></span> <span class='ocrx_word' id='word_1_89' title='bbox 1969 1417 2314 1478; x_wconf 85' lang='lat' dir='ltr'><strong>recessum,</strong></span> <span class='ocrx_word' id='word_1_90' title='bbox 2359 1400 2560 1466; x_wconf 88' lang='lat' dir='ltr'><strong>verba</strong></span> <span class='ocrx_word' id='word_1_91' title='bbox 2598 1398 2886 1465; x_wconf 89' lang='lat' dir='ltr'><strong>breviter</strong></span> 
     </span>
     <span class='ocr_line' id='line_1_12' title="bbox 508 1486 2883 1571; baseline -0.001 -18"><span class='ocrx_word' id='word_1_92' title='bbox 508 1488 841 1554; x_wconf 85' lang='lat' dir='ltr'><strong>faciamus.</strong></span> <span class='ocrx_word' id='word_1_93' title='bbox 903 1489 1188 1555; x_wconf 83' lang='lat' dir='ltr'><strong>Vocatur</strong></span> <span class='ocrx_word' id='word_1_94' title='bbox 1242 1491 1327 1570; x_wconf 91' lang='lat' dir='ltr'><strong>id,</strong></span> <span class='ocrx_word' id='word_1_95' title='bbox 1392 1493 1542 1570; x_wconf 88' lang='lat' dir='ltr'><strong>quia</strong></span> <span class='ocrx_word' id='word_1_96' title='bbox 1588 1510 1627 1554; x_wconf 90' lang='lat' dir='ltr'><strong>a</strong></span> <span class='ocrx_word' id='word_1_97' title='bbox 1671 1490 2146 1571; x_wconf 88' lang='lat' dir='ltr'><strong>provinciarum</strong></span> <span class='ocrx_word' id='word_1_98' title='bbox 2194 1486 2546 1569; x_wconf 80' lang='lat' dir='ltr'><strong>praefectis</strong></span> <span class='ocrx_word' id='word_1_99' title='bbox 2591 1492 2694 1553; x_wconf 89' lang='lat' dir='ltr'><strong>est</strong></span> <span class='ocrx_word' id='word_1_100' title='bbox 2738 1506 2883 1568; x_wconf 89' lang='lat' dir='ltr'><strong>per-</strong></span> 
     </span>
     <span class='ocr_line' id='line_1_13' title="bbox 510 1575 2883 1664; baseline -0.001 -23"><span class='ocrx_word' id='word_1_101' title='bbox 510 1577 847 1658; x_wconf 86' lang='lat' dir='ltr'><strong>agendum,</strong></span> <span class='ocrx_word' id='word_1_102' title='bbox 897 1577 1088 1644; x_wconf 81' lang='lat' dir='ltr'><strong>Saud</strong></span> <span class='ocrx_word' id='word_1_103' title='bbox 1126 1577 1473 1664; x_wconf 73' lang='lat' dir='ltr'><strong>krajsky&#39;ch</strong></span> <span class='ocrx_word' id='word_1_104' title='bbox 1514 1578 1886 1660; x_wconf 70' lang='lat' dir='ltr'><strong>key‘tnmndw</strong></span> <span class='ocrx_word' id='word_1_105' title='bbox 1898 1601 1926 1658; x_wconf 91' lang='lat'><em>;</em></span> <span class='ocrx_word' id='word_1_106' title='bbox 1973 1582 2260 1643; x_wconf 84' lang='lat' dir='ltr'><strong>veterum</strong></span> <span class='ocrx_word' id='word_1_107' title='bbox 2303 1580 2666 1642; x_wconf 86' lang='lat' dir='ltr'><strong>nostrorum</strong></span> <span class='ocrx_word' id='word_1_108' title='bbox 2698 1575 2883 1655; x_wconf 88' lang='lat' dir='ltr'><strong>vulgo</strong></span> 
     </span>
     <span class='ocr_line' id='line_1_14' title="bbox 508 1661 2890 1747; baseline -0.003 -15"><span class='ocrx_word' id='word_1_109' title='bbox 508 1665 699 1732; x_wconf 81' lang='lat' dir='ltr'><strong>Saud</strong></span> <span class='ocrx_word' id='word_1_110' title='bbox 740 1665 951 1747; x_wconf 72' lang='lat' dir='ltr'><strong>ctidni,</strong></span> <span class='ocrx_word' id='word_1_111' title='bbox 1013 1666 1076 1732; x_wconf 90' lang='lat' dir='ltr'><strong>h.</strong></span> <span class='ocrx_word' id='word_1_112' title='bbox 1123 1684 1179 1732; x_wconf 90' lang='lat' dir='ltr'><strong>e.</strong></span> <span class='ocrx_word' id='word_1_113' title='bbox 1236 1666 1546 1747; x_wconf 92' lang='lat' dir='ltr'><strong>judicium</strong></span> <span class='ocrx_word' id='word_1_114' title='bbox 1604 1665 1999 1732; x_wconf 89' lang='lat' dir='ltr'><strong>territoriale</strong></span> <span class='ocrx_word' id='word_1_115' title='bbox 2053 1665 2420 1730; x_wconf 89' lang='lat' dir='ltr'><strong>vocabatur.</strong></span> <span class='ocrx_word' id='word_1_116' title='bbox 2486 1661 2890 1730; x_wconf 89' lang='lat' dir='ltr'><strong>Sessitabant</strong></span> 
     </span>
     <span class='ocr_line' id='line_1_15' title="bbox 509 1750 2886 1836; baseline -0.002 -17"><span class='ocrx_word' id='word_1_117' title='bbox 509 1753 678 1819; x_wconf 91' lang='lat' dir='ltr'><strong>enim</strong></span> <span class='ocrx_word' id='word_1_118' title='bbox 724 1755 790 1818; x_wconf 91' lang='lat' dir='ltr'><strong>in</strong></span> <span class='ocrx_word' id='word_1_119' title='bbox 838 1773 916 1820; x_wconf 92' lang='lat' dir='ltr'><strong>eo</strong></span> <span class='ocrx_word' id='word_1_120' title='bbox 965 1753 1113 1819; x_wconf 93' lang='lat' dir='ltr'><strong>olim</strong></span> <span class='ocrx_word' id='word_1_121' title='bbox 1162 1773 1301 1821; x_wconf 88' lang='lat' dir='ltr'><strong>cum</strong></span> <span class='ocrx_word' id='word_1_122' title='bbox 1349 1753 1700 1836; x_wconf 89' lang='lat' dir='ltr'><strong>praefect0,</strong></span> <span class='ocrx_word' id='word_1_123' title='bbox 1765 1753 2102 1836; x_wconf 85' lang='lat' dir='ltr'><strong>praecipui</strong></span> <span class='ocrx_word' id='word_1_124' title='bbox 2163 1751 2406 1832; x_wconf 88' lang='lat' dir='ltr'><strong>aliquot</strong></span> <span class='ocrx_word' id='word_1_125' title='bbox 2457 1771 2535 1818; x_wconf 86' lang='lat' dir='ltr'><strong>ex</strong></span> <span class='ocrx_word' id='word_1_126' title='bbox 2582 1750 2886 1833; x_wconf 89' lang='lat' dir='ltr'><strong>cujusque</strong></span> 
     </span>
     <span class='ocr_line' id='line_1_16' title="bbox 508 1839 2880 1924; baseline -0.001 -16"><span class='ocrx_word' id='word_1_127' title='bbox 508 1841 733 1922; x_wconf 88' lang='lat' dir='ltr'><strong>cudae,</strong></span> <span class='ocrx_word' id='word_1_128' title='bbox 799 1841 840 1910; x_wconf 92' lang='lat' dir='ltr'><strong>i.</strong></span> <span class='ocrx_word' id='word_1_129' title='bbox 906 1861 963 1908; x_wconf 91' lang='lat' dir='ltr'><strong>e.</strong></span> <span class='ocrx_word' id='word_1_130' title='bbox 1033 1842 1344 1908; x_wconf 88' lang='lat' dir='ltr'><strong>territorii</strong></span> <span class='ocrx_word' id='word_1_131' title='bbox 1411 1842 1746 1910; x_wconf 90' lang='lat' dir='ltr'><strong>nobilitate</strong></span> <span class='ocrx_word' id='word_1_132' title='bbox 1805 1843 2152 1924; x_wconf 88' lang='lat' dir='ltr'><strong>sapientes.</strong></span> <span class='ocrx_word' id='word_1_133' title='bbox 2221 1839 2408 1906; x_wconf 87' lang='lat' dir='ltr'><strong>Nunc</strong></span> <span class='ocrx_word' id='word_1_134' title='bbox 2460 1841 2596 1920; x_wconf 88' lang='lat' dir='ltr'><strong>jam</strong></span> <span class='ocrx_word' id='word_1_135' title='bbox 2659 1841 2880 1906; x_wconf 87' lang='lat' dir='ltr'><strong>duum—</strong></span> 
     </span>
     <span class='ocr_line' id='line_1_17' title="bbox 508 1927 2884 2011; baseline -0 -16"><span class='ocrx_word' id='word_1_136' title='bbox 508 1928 711 1995; x_wconf 86' lang='lat' dir='ltr'><strong>virale</strong></span> <span class='ocrx_word' id='word_1_137' title='bbox 786 1930 1017 1996; x_wconf 91' lang='lat' dir='ltr'><strong>saltem</strong></span> <span class='ocrx_word' id='word_1_138' title='bbox 1096 1936 1196 1996; x_wconf 90' lang='lat' dir='ltr'><strong>est</strong></span> <span class='ocrx_word' id='word_1_139' title='bbox 1269 1935 1337 1997; x_wconf 92' lang='lat' dir='ltr'><strong>et</strong></span> <span class='ocrx_word' id='word_1_140' title='bbox 1412 1931 1803 1997; x_wconf 85' lang='lat' dir='ltr'><strong>authoritate</strong></span> <span class='ocrx_word' id='word_1_141' title='bbox 1871 1930 2069 1996; x_wconf 89' lang='lat' dir='ltr'><strong>multo</strong></span> <span class='ocrx_word' id='word_1_142' title='bbox 2139 1947 2327 2011; x_wconf 89' lang='lat' dir='ltr'><strong>quam</strong></span> <span class='ocrx_word' id='word_1_143' title='bbox 2399 1928 2546 1994; x_wconf 91' lang='lat' dir='ltr'><strong>olim</strong></span> <span class='ocrx_word' id='word_1_144' title='bbox 2613 1927 2884 1995; x_wconf 89' lang='lat' dir='ltr'><strong>tenuius.</strong></span> 
     </span>
     <span class='ocr_line' id='line_1_18' title="bbox 508 2015 2887 2100; baseline 0 -20"><span class='ocrx_word' id='word_1_145' title='bbox 508 2015 734 2098; x_wconf 89' lang='lat' dir='ltr'><strong>Neque</strong></span> <span class='ocrx_word' id='word_1_146' title='bbox 794 2018 1000 2084; x_wconf 89' lang='lat' dir='ltr'><strong>locum</strong></span> <span class='ocrx_word' id='word_1_147' title='bbox 1058 2018 1152 2084; x_wconf 92' lang='lat' dir='ltr'><strong>illi</strong></span> <span class='ocrx_word' id='word_1_148' title='bbox 1209 2019 1607 2086; x_wconf 89' lang='lat' dir='ltr'><strong>ordinarium</strong></span> <span class='ocrx_word' id='word_1_149' title='bbox 1669 2038 1793 2085; x_wconf 93' lang='lat' dir='ltr'><strong>nec</strong></span> <span class='ocrx_word' id='word_1_150' title='bbox 1835 2022 2088 2100; x_wconf 77' lang='lat' dir='ltr'><strong>teinpus</strong></span> <span class='ocrx_word' id='word_1_151' title='bbox 2133 2021 2382 2082; x_wconf 91' lang='lat' dir='ltr'><strong>certum</strong></span> <span class='ocrx_word' id='word_1_152' title='bbox 2427 2016 2672 2099; x_wconf 90' lang='lat' dir='ltr'><strong>placuit</strong></span> <span class='ocrx_word' id='word_1_153' title='bbox 2716 2017 2887 2082; x_wconf 90' lang='lat' dir='ltr'><strong>desi-</strong></span> 
     </span>
     <span class='ocr_line' id='line_1_19' title="bbox 509 2104 2890 2188; baseline -0.001 -18"><span class='ocrx_word' id='word_1_154' title='bbox 509 2105 715 2187; x_wconf 83' lang='lat' dir='ltr'><strong>gnari.</strong></span> <span class='ocrx_word' id='word_1_155' title='bbox 780 2107 1170 2173; x_wconf 82' lang='lat' dir='ltr'><strong>Convenitur</strong></span> <span class='ocrx_word' id='word_1_156' title='bbox 1217 2127 1292 2174; x_wconf 94' lang='lat' dir='ltr'><strong>eo</strong></span> <span class='ocrx_word' id='word_1_157' title='bbox 1338 2113 1602 2174; x_wconf 89' lang='lat' dir='ltr'><strong>vocatus</strong></span> <span class='ocrx_word' id='word_1_158' title='bbox 1649 2109 1714 2172; x_wconf 91' lang='lat' dir='ltr'><strong>in</strong></span> <span class='ocrx_word' id='word_1_159' title='bbox 1755 2107 1879 2188; x_wconf 80' lang='lat' dir='ltr'><strong>juS‚</strong></span> <span class='ocrx_word' id='word_1_160' title='bbox 1939 2108 2004 2171; x_wconf 91' lang='lat' dir='ltr'><strong>in</strong></span> <span class='ocrx_word' id='word_1_161' title='bbox 2065 2106 2437 2171; x_wconf 85' lang='lat' dir='ltr'><strong>alterutrius</strong></span> <span class='ocrx_word' id='word_1_162' title='bbox 2483 2104 2890 2186; x_wconf 88' lang='lat' dir='ltr'><strong>provincialis</strong></span> 
     </span>
     <span class='ocr_line' id='line_1_20' title="bbox 511 2193 2888 2277; baseline -0.001 -19"><span class='ocrx_word' id='word_1_163' title='bbox 511 2193 819 2276; x_wconf 88' lang='lat' dir='ltr'><strong>praefecti</strong></span> <span class='ocrx_word' id='word_1_164' title='bbox 870 2195 1076 2276; x_wconf 90' lang='lat' dir='ltr'><strong>dom0,</strong></span> <span class='ocrx_word' id='word_1_165' title='bbox 1132 2213 1433 2277; x_wconf 90' lang='lat' dir='ltr'><strong>parsque,</strong></span> <span class='ocrx_word' id='word_1_166' title='bbox 1490 2215 1655 2277; x_wconf 90' lang='lat' dir='ltr'><strong>quae</strong></span> <span class='ocrx_word' id='word_1_167' title='bbox 1699 2195 1765 2259; x_wconf 94' lang='lat' dir='ltr'><strong>in</strong></span> <span class='ocrx_word' id='word_1_168' title='bbox 1812 2212 2006 2260; x_wconf 87' lang='lat' dir='ltr'><strong>causa</strong></span> <span class='ocrx_word' id='word_1_169' title='bbox 2052 2195 2303 2274; x_wconf 85' lang='lat' dir='ltr'><strong>cecidit,</strong></span> <span class='ocrx_word' id='word_1_170' title='bbox 2360 2193 2611 2275; x_wconf 89' lang='lat' dir='ltr'><strong>quoties</strong></span> <span class='ocrx_word' id='word_1_171' title='bbox 2658 2210 2888 2274; x_wconf 86' lang='lat' dir='ltr'><strong>grava-</strong></span> 
     </span>
     <span class='ocr_line' id='line_1_21' title="bbox 512 2275 2887 2364; baseline -0.001 -18"><span class='ocrx_word' id='word_1_172' title='bbox 512 2287 645 2346; x_wconf 88' lang='lat' dir='ltr'><strong>tam</strong></span> <span class='ocrx_word' id='word_1_173' title='bbox 705 2300 775 2348; x_wconf 90' lang='lat' dir='ltr'><strong>se</strong></span> <span class='ocrx_word' id='word_1_174' title='bbox 837 2282 975 2364; x_wconf 91' lang='lat' dir='ltr'><strong>ejus</strong></span> <span class='ocrx_word' id='word_1_175' title='bbox 1034 2286 1357 2350; x_wconf 91' lang='lat' dir='ltr'><strong>sententia</strong></span> <span class='ocrx_word' id='word_1_176' title='bbox 1416 2285 1777 2351; x_wconf 87' lang='lat' dir='ltr'><strong>arbitratur</strong></span> <span class='ocrx_word' id='word_1_177' title='bbox 1821 2275 1898 2362; x_wconf 85' lang='lat'><strong>²),</strong></span> <span class='ocrx_word' id='word_1_178' title='bbox 1955 2283 2154 2348; x_wconf 90' lang='lat' dir='ltr'><strong>habet</strong></span> <span class='ocrx_word' id='word_1_179' title='bbox 2215 2281 2517 2363; x_wconf 89' lang='lat' dir='ltr'><strong>querelae</strong></span> <span class='ocrx_word' id='word_1_180' title='bbox 2574 2283 2640 2347; x_wconf 92' lang='lat' dir='ltr'><strong>in</strong></span> <span class='ocrx_word' id='word_1_181' title='bbox 2683 2281 2887 2362; x_wconf 88' lang='lat' dir='ltr'><strong>Regio</strong></span> 
     </span>
     <span class='ocr_line' id='line_1_22' title="bbox 514 2370 2886 2454; baseline 0 -21"><span class='ocrx_word' id='word_1_182' title='bbox 514 2370 829 2438; x_wconf 86' lang='lat' dir='ltr'><strong>Gamerae</strong></span> <span class='ocrx_word' id='word_1_183' title='bbox 869 2371 1113 2451; x_wconf 90' lang='lat' dir='ltr'><strong>judicio</strong></span> <span class='ocrx_word' id='word_1_184' title='bbox 1158 2373 1590 2438; x_wconf 90' lang='lat' dir='ltr'><strong>instituendae</strong></span> <span class='ocrx_word' id='word_1_185' title='bbox 1635 2374 2044 2454; x_wconf 89' lang='lat' dir='ltr'><strong>potestatem,</strong></span> <span class='ocrx_word' id='word_1_186' title='bbox 2103 2371 2272 2452; x_wconf 93' lang='lat' dir='ltr'><strong>quod</strong></span> <span class='ocrx_word' id='word_1_187' title='bbox 2317 2388 2392 2435; x_wconf 89' lang='lat' dir='ltr'><strong>re</strong></span> <span class='ocrx_word' id='word_1_188' title='bbox 2437 2370 2688 2451; x_wconf 88' lang='lat' dir='ltr'><strong>plenius</strong></span> <span class='ocrx_word' id='word_1_189' title='bbox 2736 2388 2886 2434; x_wconf 87' lang='lat' dir='ltr'><strong>exa-</strong></span> 
     </span>
     <span class='ocr_line' id='line_1_23' title="bbox 511 2456 2890 2543; baseline -0.001 -18"><span class='ocrx_word' id='word_1_190' title='bbox 511 2460 777 2541; x_wconf 87' lang='lat' dir='ltr'><strong>minata,</strong></span> <span class='ocrx_word' id='word_1_191' title='bbox 855 2465 1049 2543; x_wconf 92' lang='lat' dir='ltr'><strong>prout</strong></span> <span class='ocrx_word' id='word_1_192' title='bbox 1122 2479 1397 2543; x_wconf 86' lang='lat' dir='ltr'><strong>aequum</strong></span> <span class='ocrx_word' id='word_1_193' title='bbox 1471 2461 1815 2540; x_wconf 89' lang='lat' dir='ltr'><strong>videbitur,</strong></span> <span class='ocrx_word' id='word_1_194' title='bbox 1891 2463 2151 2526; x_wconf 85' lang='lat' dir='ltr'><strong>statuet.</strong></span> <span class='ocrx_word' id='word_1_195' title='bbox 2232 2456 2669 2540; x_wconf 87' lang='lat' dir='ltr'><strong>Subjiciuntur</strong></span> <span class='ocrx_word' id='word_1_196' title='bbox 2739 2457 2890 2523; x_wconf 89' lang='lat' dir='ltr'><strong>huic</strong></span> 
     </span>
     <span class='ocr_line' id='line_1_24' title="bbox 505 2546 2888 2629; baseline -0.001 -16"><span class='ocrx_word' id='word_1_197' title='bbox 505 2547 746 2628; x_wconf 89' lang='lat' dir='ltr'><strong>judicio</strong></span> <span class='ocrx_word' id='word_1_198' title='bbox 820 2548 1297 2616; x_wconf 87' lang='lat' dir='ltr'><strong>controversiae</strong></span> <span class='ocrx_word' id='word_1_199' title='bbox 1360 2569 1486 2615; x_wconf 93' lang='lat' dir='ltr'><strong>non</strong></span> <span class='ocrx_word' id='word_1_200' title='bbox 1556 2550 1719 2614; x_wconf 92' lang='lat' dir='ltr'><strong>adeo</strong></span> <span class='ocrx_word' id='word_1_201' title='bbox 1789 2548 2048 2628; x_wconf 89' lang='lat' dir='ltr'><strong>multae,</strong></span> <span class='ocrx_word' id='word_1_202' title='bbox 2121 2548 2343 2629; x_wconf 88' lang='lat' dir='ltr'><strong>quales</strong></span> <span class='ocrx_word' id='word_1_203' title='bbox 2402 2551 2550 2613; x_wconf 91' lang='lat' dir='ltr'><strong>sunt</strong></span> <span class='ocrx_word' id='word_1_204' title='bbox 2605 2546 2687 2611; x_wconf 92' lang='lat' dir='ltr'><strong>ob</strong></span> <span class='ocrx_word' id='word_1_205' title='bbox 2741 2564 2888 2612; x_wconf 90' lang='lat' dir='ltr'><strong>con-</strong></span> 
     </span>
     <span class='ocr_line' id='line_1_25' title="bbox 503 2635 2882 2719; baseline -0.001 -18"><span class='ocrx_word' id='word_1_206' title='bbox 503 2636 745 2718; x_wconf 89' lang='lat' dir='ltr'><strong>jectum</strong></span> <span class='ocrx_word' id='word_1_207' title='bbox 820 2639 1037 2719; x_wconf 89' lang='lat' dir='ltr'><strong>inique</strong></span> <span class='ocrx_word' id='word_1_208' title='bbox 1110 2637 1175 2702; x_wconf 93' lang='lat' dir='ltr'><strong>in</strong></span> <span class='ocrx_word' id='word_1_209' title='bbox 1252 2638 1504 2704; x_wconf 90' lang='lat' dir='ltr'><strong>vincula</strong></span> <span class='ocrx_word' id='word_1_210' title='bbox 1570 2656 1780 2719; x_wconf 90' lang='lat' dir='ltr'><strong>neque</strong></span> <span class='ocrx_word' id='word_1_211' title='bbox 1849 2636 2099 2719; x_wconf 91' lang='lat' dir='ltr'><strong>petenti</strong></span> <span class='ocrx_word' id='word_1_212' title='bbox 2164 2636 2416 2701; x_wconf 91' lang='lat' dir='ltr'><strong>domino</strong></span> <span class='ocrx_word' id='word_1_213' title='bbox 2485 2635 2882 2713; x_wconf 85' lang='lat' dir='ltr'><strong>relaxatum;</strong></span> 
     </span>
     <span class='ocr_line' id='line_1_26' title="bbox 511 2722 2888 2809; baseline -0 -20"><span class='ocrx_word' id='word_1_214' title='bbox 511 2726 793 2805; x_wconf 90' lang='lat' dir='ltr'><strong>itemque</strong></span> <span class='ocrx_word' id='word_1_215' title='bbox 839 2726 919 2792; x_wconf 93' lang='lat' dir='ltr'><strong>ob</strong></span> <span class='ocrx_word' id='word_1_216' title='bbox 968 2726 1190 2806; x_wconf 89' lang='lat' dir='ltr'><strong>quovis</strong></span> <span class='ocrx_word' id='word_1_217' title='bbox 1237 2726 1425 2791; x_wconf 90' lang='lat' dir='ltr'><strong>modo</strong></span> <span class='ocrx_word' id='word_1_218' title='bbox 1470 2731 1805 2809; x_wconf 87' lang='lat' dir='ltr'><strong>receptum</strong></span> <span class='ocrx_word' id='word_1_219' title='bbox 1849 2724 2180 2805; x_wconf 82' lang='lat' dir='ltr'><strong>fugitivum</strong></span> <span class='ocrx_word' id='word_1_220' title='bbox 2223 2724 2575 2804; x_wconf 83' lang='lat' dir='ltr'><strong>hominem3</strong></span> <span class='ocrx_word' id='word_1_221' title='bbox 2637 2722 2888 2801; x_wconf 85' lang='lat' dir='ltr'><strong>legibus</strong></span> 
     </span>
     <span class='ocr_line' id='line_1_27' title="bbox 511 2806 2888 2896; baseline -0.001 -19"><span class='ocrx_word' id='word_1_222' title='bbox 511 2813 841 2893; x_wconf 84' lang='lat' dir='ltr'><strong>irrogatae</strong></span> <span class='ocrx_word' id='word_1_223' title='bbox 899 2813 1175 2881; x_wconf 89' lang='lat' dir='ltr'><strong>mulctae</strong></span> <span class='ocrx_word' id='word_1_224' title='bbox 1235 2814 1646 2896; x_wconf 90' lang='lat' dir='ltr'><strong>persequutio</strong></span> <span class='ocrx_word' id='word_1_225' title='bbox 1686 2806 1772 2894; x_wconf 85' lang='lat'><strong>⁸);</strong></span> <span class='ocrx_word' id='word_1_226' title='bbox 1839 2813 1920 2879; x_wconf 89' lang='lat' dir='ltr'><strong>ob</strong></span> <span class='ocrx_word' id='word_1_227' title='bbox 1968 2831 2092 2878; x_wconf 93' lang='lat' dir='ltr'><strong>non</strong></span> <span class='ocrx_word' id='word_1_228' title='bbox 2139 2813 2491 2878; x_wconf 87' lang='lat' dir='ltr'><strong>exhibitum</strong></span> <span class='ocrx_word' id='word_1_229' title='bbox 2536 2811 2888 2877; x_wconf 87' lang='lat' dir='ltr'><strong>convictum</strong></span> 
     </span>
     <span class='ocr_line' id='line_1_28' title="bbox 514 2899 2889 2985; baseline -0 -22"><span class='ocrx_word' id='word_1_230' title='bbox 514 2899 595 2964; x_wconf 90' lang='lat' dir='ltr'><strong>de</strong></span> <span class='ocrx_word' id='word_1_231' title='bbox 658 2902 875 2967; x_wconf 90' lang='lat' dir='ltr'><strong>vetitis</strong></span> <span class='ocrx_word' id='word_1_232' title='bbox 933 2902 997 2966; x_wconf 93' lang='lat' dir='ltr'><strong>in</strong></span> <span class='ocrx_word' id='word_1_233' title='bbox 1056 2920 1214 2983; x_wconf 85' lang='lat' dir='ltr'><strong>agro</strong></span> <span class='ocrx_word' id='word_1_234' title='bbox 1277 2904 1459 2985; x_wconf 85' lang='lat' dir='ltr'><strong>regio</strong></span> <span class='ocrx_word' id='word_1_235' title='bbox 1522 2902 1783 2983; x_wconf 88' lang='lat' dir='ltr'><strong>agitatis</strong></span> <span class='ocrx_word' id='word_1_236' title='bbox 1842 2901 2306 2980; x_wconf 63' lang='lat' dir='ltr'><strong>venationibus</strong></span> <span class='ocrx_word' id='word_1_237' title='bbox 2367 2899 2656 2966; x_wconf 89' lang='lat' dir='ltr'><strong>colonum</strong></span> <span class='ocrx_word' id='word_1_238' title='bbox 2700 2899 2889 2965; x_wconf 88' lang='lat' dir='ltr'><strong>rusti-</strong></span> 
     </span>
     <span class='ocr_line' id='line_1_29' title="bbox 512 2986 2892 3070; baseline -0.001 -16"><span class='ocrx_word' id='word_1_239' title='bbox 512 3006 741 3054; x_wconf 90' lang='lat' dir='ltr'><strong>canum</strong></span> <span class='ocrx_word' id='word_1_240' title='bbox 810 2989 986 3056; x_wconf 88' lang='lat' dir='ltr'><strong>edita</strong></span> <span class='ocrx_word' id='word_1_241' title='bbox 1053 2991 1361 3057; x_wconf 88' lang='lat' dir='ltr'><strong>adversus</strong></span> <span class='ocrx_word' id='word_1_242' title='bbox 1424 2991 1746 3057; x_wconf 91' lang='lat' dir='ltr'><strong>dominum</strong></span> <span class='ocrx_word' id='word_1_243' title='bbox 1810 2989 2010 3068; x_wconf 90' lang='lat' dir='ltr'><strong>actio;</strong></span> <span class='ocrx_word' id='word_1_244' title='bbox 2085 2989 2166 3055; x_wconf 93' lang='lat' dir='ltr'><strong>ob</strong></span> <span class='ocrx_word' id='word_1_245' title='bbox 2212 2992 2516 3070; x_wconf 86' lang='lat' dir='ltr'><strong>negatum</strong></span> <span class='ocrx_word' id='word_1_246' title='bbox 2561 2986 2892 3069; x_wconf 89' lang='lat' dir='ltr'><strong>opificibus</strong></span> 
     </span>
     <span class='ocr_line' id='line_1_30' title="bbox 516 3074 2890 3161; baseline -0.001 -19"><span class='ocrx_word' id='word_1_247' title='bbox 516 3077 782 3143; x_wconf 88' lang='lat' dir='ltr'><strong>urbanis</strong></span> <span class='ocrx_word' id='word_1_248' title='bbox 830 3095 1071 3159; x_wconf 88' lang='lat' dir='ltr'><strong>operae</strong></span> <span class='ocrx_word' id='word_1_249' title='bbox 1110 3080 1386 3161; x_wconf 89' lang='lat' dir='ltr'><strong>pretium</strong></span> <span class='ocrx_word' id='word_1_250' title='bbox 1431 3078 1532 3144; x_wconf 88' lang='lat' dir='ltr'><strong>vel</strong></span> <span class='ocrx_word' id='word_1_251' title='bbox 1579 3075 1998 3144; x_wconf 91' lang='lat' dir='ltr'><strong>mercenariis</strong></span> <span class='ocrx_word' id='word_1_252' title='bbox 2041 3077 2494 3144; x_wconf 88' lang='lat' dir='ltr'><strong>hostimentum</strong></span> <span class='ocrx_word' id='word_1_253' title='bbox 2541 3074 2890 3154; x_wconf 88' lang='lat' dir='ltr'><strong>condictio;</strong></span> 
     </span>
     <span class='ocr_line' id='line_1_31' title="bbox 516 3164 2886 3248; baseline -0.001 -18"><span class='ocrx_word' id='word_1_254' title='bbox 516 3169 784 3231; x_wconf 87' lang='lat' dir='ltr'><strong>exortae</strong></span> <span class='ocrx_word' id='word_1_255' title='bbox 845 3172 1114 3248; x_wconf 88' lang='lat' dir='ltr'><strong>propter</strong></span> <span class='ocrx_word' id='word_1_256' title='bbox 1172 3167 1574 3233; x_wconf 88' lang='lat' dir='ltr'><strong>mineralium</strong></span> <span class='ocrx_word' id='word_1_257' title='bbox 1626 3166 1880 3231; x_wconf 89' lang='lat' dir='ltr'><strong>fodinas</strong></span> <span class='ocrx_word' id='word_1_258' title='bbox 1925 3164 2004 3230; x_wconf 93' lang='lat' dir='ltr'><strong>ob</strong></span> <span class='ocrx_word' id='word_1_259' title='bbox 2054 3165 2371 3247; x_wconf 87' lang='lat' dir='ltr'><strong>denegata</strong></span> <span class='ocrx_word' id='word_1_260' title='bbox 2419 3170 2564 3245; x_wconf 89' lang='lat' dir='ltr'><strong>post</strong></span> <span class='ocrx_word' id='word_1_261' title='bbox 2609 3164 2886 3230; x_wconf 88' lang='lat' dir='ltr'><strong>oblatum</strong></span> 
     </span>
     <span class='ocr_line' id='line_1_32' title="bbox 512 3252 2890 3337; baseline -0.002 -18"><span class='ocrx_word' id='word_1_262' title='bbox 512 3252 794 3336; x_wconf 90' lang='lat' dir='ltr'><strong>pretium</strong></span> <span class='ocrx_word' id='word_1_263' title='bbox 857 3253 1097 3335; x_wconf 85' lang='lat' dir='ltr'><strong>justum</strong></span> <span class='ocrx_word' id='word_1_264' title='bbox 1167 3262 1323 3337; x_wconf 87' lang='lat' dir='ltr'><strong>apta</strong></span> <span class='ocrx_word' id='word_1_265' title='bbox 1388 3254 1794 3322; x_wconf 87' lang='lat' dir='ltr'><strong>aedificando</strong></span> <span class='ocrx_word' id='word_1_266' title='bbox 1863 3252 2055 3334; x_wconf 83' lang='lat' dir='ltr'><strong>ligna,</strong></span> <span class='ocrx_word' id='word_1_267' title='bbox 2122 3255 2293 3319; x_wconf 87' lang='lat' dir='ltr'><strong>inter</strong></span> <span class='ocrx_word' id='word_1_268' title='bbox 2345 3252 2522 3317; x_wconf 81' lang='lat' dir='ltr'><strong>fundi</strong></span> <span class='ocrx_word' id='word_1_269' title='bbox 2571 3252 2890 3317; x_wconf 88' lang='lat' dir='ltr'><strong>dominum</strong></span> 
     </span>
     <span class='ocr_line' id='line_1_33' title="bbox 512 3338 2890 3425; baseline -0.002 -18"><span class='ocrx_word' id='word_1_270' title='bbox 512 3341 917 3424; x_wconf 90' lang='lat' dir='ltr'><strong>fossoresque</strong></span> <span class='ocrx_word' id='word_1_271' title='bbox 946 3341 1252 3424; x_wconf 88' lang='lat' dir='ltr'><strong>offensae;</strong></span> <span class='ocrx_word' id='word_1_272' title='bbox 1303 3348 1390 3423; x_wconf 89' lang='lat' dir='ltr'><strong>et,</strong></span> <span class='ocrx_word' id='word_1_273' title='bbox 1437 3345 1492 3409; x_wconf 92' lang='lat' dir='ltr'><strong>si</strong></span> <span class='ocrx_word' id='word_1_274' title='bbox 1539 3361 1665 3425; x_wconf 90' lang='lat' dir='ltr'><strong>qua</strong></span> <span class='ocrx_word' id='word_1_275' title='bbox 1712 3346 1862 3408; x_wconf 91' lang='lat' dir='ltr'><strong>sunt</strong></span> <span class='ocrx_word' id='word_1_276' title='bbox 1905 3340 2156 3422; x_wconf 89' lang='lat' dir='ltr'><strong>similia,</strong></span> <span class='ocrx_word' id='word_1_277' title='bbox 2205 3360 2368 3423; x_wconf 91' lang='lat' dir='ltr'><strong>quae</strong></span> <span class='ocrx_word' id='word_1_278' title='bbox 2395 3359 2610 3407; x_wconf 88' lang='lat' dir='ltr'><strong>coram</strong></span> <span class='ocrx_word' id='word_1_279' title='bbox 2634 3338 2890 3422; x_wconf 89' lang='lat' dir='ltr'><strong>provin—</strong></span> 
     </span>
     <span class='ocr_line' id='line_1_34' title="bbox 513 3428 2887 3513; baseline 0 -17"><span class='ocrx_word' id='word_1_280' title='bbox 513 3432 651 3496; x_wconf 88' lang='lat' dir='ltr'><strong>ciae</strong></span> <span class='ocrx_word' id='word_1_281' title='bbox 701 3428 1009 3512; x_wconf 84' lang='lat' dir='ltr'><strong>cujusque</strong></span> <span class='ocrx_word' id='word_1_282' title='bbox 1056 3431 1401 3513; x_wconf 89' lang='lat' dir='ltr'><strong>praefectis</strong></span> <span class='ocrx_word' id='word_1_283' title='bbox 1436 3432 1805 3513; x_wconf 90' lang='lat' dir='ltr'><strong>disceptari,</strong></span> <span class='ocrx_word' id='word_1_284' title='bbox 1854 3430 2102 3495; x_wconf 88' lang='lat' dir='ltr'><strong>diserta</strong></span> <span class='ocrx_word' id='word_1_285' title='bbox 2144 3430 2356 3511; x_wconf 87' lang='lat' dir='ltr'><strong>legum</strong></span> <span class='ocrx_word' id='word_1_286' title='bbox 2399 3430 2601 3496; x_wconf 86' lang='lat' dir='ltr'><strong>verba</strong></span> <span class='ocrx_word' id='word_1_287' title='bbox 2639 3428 2887 3509; x_wconf 87' lang='lat' dir='ltr'><strong>jubent.</strong></span> 
     </span>
    </p>

    <p class='ocr_par' dir='ltr' id='par_1_4' title="bbox 511 3516 2894 4310">
     <span class='ocr_line' id='line_1_35' title="bbox 710 3516 2892 3600; baseline -0.001 -17"><span class='ocrx_word' id='word_1_288' title='bbox 710 3517 889 3584; x_wconf 90' lang='lat' dir='ltr'><strong>VIII.</strong></span> <span class='ocrx_word' id='word_1_289' title='bbox 980 3518 1257 3600; x_wconf 91' lang='lat' dir='ltr'><strong>Loquuti</strong></span> <span class='ocrx_word' id='word_1_290' title='bbox 1330 3538 1487 3600; x_wconf 83' lang='lat' dir='ltr'><strong>ergo</strong></span> <span class='ocrx_word' id='word_1_291' title='bbox 1564 3521 1879 3586; x_wconf 90' lang='lat' dir='ltr'><strong>hactenus</strong></span> <span class='ocrx_word' id='word_1_292' title='bbox 1954 3518 2036 3582; x_wconf 89' lang='lat' dir='ltr'><strong>de</strong></span> <span class='ocrx_word' id='word_1_293' title='bbox 2108 3518 2392 3600; x_wconf 88' lang='lat' dir='ltr'><strong>judicum</strong></span> <span class='ocrx_word' id='word_1_294' title='bbox 2465 3516 2892 3584; x_wconf 91' lang='lat' dir='ltr'><strong>tribunalibus</strong></span> 
     </span>
     <span class='ocr_line' id='line_1_36' title="bbox 513 3604 2894 3689; baseline -0.002 -16"><span class='ocrx_word' id='word_1_295' title='bbox 513 3605 968 3689; x_wconf 89' lang='lat' dir='ltr'><strong>superioribus,</strong></span> <span class='ocrx_word' id='word_1_296' title='bbox 1031 3607 1366 3689; x_wconf 90' lang='lat' dir='ltr'><strong>loquamur</strong></span> <span class='ocrx_word' id='word_1_297' title='bbox 1412 3609 1528 3675; x_wconf 91' lang='lat' dir='ltr'><strong>sub</strong></span> <span class='ocrx_word' id='word_1_298' title='bbox 1574 3607 1764 3689; x_wconf 82' lang='lat' dir='ltr'><strong>hujus</strong></span> <span class='ocrx_word' id='word_1_299' title='bbox 1808 3605 1935 3672; x_wconf 90' lang='lat' dir='ltr'><strong>loci</strong></span> <span class='ocrx_word' id='word_1_300' title='bbox 1979 3604 2194 3687; x_wconf 91' lang='lat' dir='ltr'><strong>finem,</strong></span> <span class='ocrx_word' id='word_1_301' title='bbox 2257 3607 2548 3671; x_wconf 90' lang='lat' dir='ltr'><strong>oratione</strong></span> <span class='ocrx_word' id='word_1_302' title='bbox 2609 3604 2894 3670; x_wconf 88' lang='lat' dir='ltr'><strong>breviter</strong></span> 
     </span>
     <span class='ocr_line' id='line_1_37' title="bbox 511 3685 2893 3777; baseline -0.001 -17"><span class='ocrx_word' id='word_1_303' title='bbox 511 3694 812 3777; x_wconf 88' lang='lat' dir='ltr'><strong>repetita,</strong></span> <span class='ocrx_word' id='word_1_304' title='bbox 886 3696 968 3761; x_wconf 90' lang='lat' dir='ltr'><strong>de</strong></span> <span class='ocrx_word' id='word_1_305' title='bbox 1030 3693 1441 3762; x_wconf 88' lang='lat' dir='ltr'><strong>inferioribus</strong></span> <span class='ocrx_word' id='word_1_306' title='bbox 1500 3714 1616 3762; x_wconf 90' lang='lat' dir='ltr'><strong>seu</strong></span> <span class='ocrx_word' id='word_1_307' title='bbox 1676 3686 1961 3774; x_wconf 88' lang='lat' dir='ltr'><strong>(utamur</strong></span> <span class='ocrx_word' id='word_1_308' title='bbox 2019 3693 2141 3759; x_wconf 91' lang='lat' dir='ltr'><strong>hoc</strong></span> <span class='ocrx_word' id='word_1_309' title='bbox 2198 3699 2453 3777; x_wconf 88' lang='lat' dir='ltr'><strong>patrum</strong></span> <span class='ocrx_word' id='word_1_310' title='bbox 2515 3685 2739 3771; x_wconf 88' lang='lat' dir='ltr'><strong>verbo)</strong></span> <span class='ocrx_word' id='word_1_311' title='bbox 2811 3693 2893 3757; x_wconf 90' lang='lat' dir='ltr'><strong>de</strong></span> 
     </span>
     <span class='ocr_line' id='line_1_38' title="bbox 514 3770 2891 3867; baseline -0.003 -17"><span class='ocrx_word' id='word_1_312' title='bbox 514 3784 1016 3850; x_wconf 85' lang='lat' dir='ltr'><strong>civitatensibus.</strong></span> <span class='ocrx_word' id='word_1_313' title='bbox 1084 3784 1271 3865; x_wconf 80' lang='lat' dir='ltr'><strong>Erigi</strong></span> <span class='ocrx_word' id='word_1_314' title='bbox 1336 3783 1445 3851; x_wconf 92' lang='lat' dir='ltr'><strong>illa</strong></span> <span class='ocrx_word' id='word_1_315' title='bbox 1505 3788 1858 3867; x_wconf 88' lang='lat' dir='ltr'><strong>coeperunt</strong></span> <span class='ocrx_word' id='word_1_316' title='bbox 1912 3782 2176 3848; x_wconf 89' lang='lat' dir='ltr'><strong>Mnatae</strong></span> <span class='ocrx_word' id='word_1_317' title='bbox 2243 3782 2552 3864; x_wconf 86' lang='lat' dir='ltr'><strong>principis</strong></span> <span class='ocrx_word' id='word_1_318' title='bbox 2612 3798 2768 3845; x_wconf 87' lang='lat' dir='ltr'><strong>aevo</strong></span> <span class='ocrx_word' id='word_1_319' title='bbox 2816 3770 2891 3861; x_wconf 70' lang='lat'><strong>⁴),</strong></span> 
     </span>
     <span class='ocr_line' id='line_1_39' title="bbox 516 3868 2894 3954; baseline -0 -18"><span class='ocrx_word' id='word_1_320' title='bbox 516 3876 869 3954; x_wconf 88' lang='lat' dir='ltr'><strong>posteaque</strong></span> <span class='ocrx_word' id='word_1_321' title='bbox 917 3872 1153 3938; x_wconf 90' lang='lat' dir='ltr'><strong>sensim</strong></span> <span class='ocrx_word' id='word_1_322' title='bbox 1203 3892 1345 3939; x_wconf 88' lang='lat' dir='ltr'><strong>cum</strong></span> <span class='ocrx_word' id='word_1_323' title='bbox 1392 3872 1760 3939; x_wconf 86' lang='lat' dir='ltr'><strong>civitatibus</strong></span> <span class='ocrx_word' id='word_1_324' title='bbox 1804 3874 2169 3951; x_wconf 85' lang='lat' dir='ltr'><strong>creverunt,</strong></span> <span class='ocrx_word' id='word_1_325' title='bbox 2218 3874 2287 3937; x_wconf 84' lang='lat' dir='ltr'><strong>et</strong></span> <span class='ocrx_word' id='word_1_326' title='bbox 2331 3871 2494 3936; x_wconf 89' lang='lat' dir='ltr'><strong>sicut</strong></span> <span class='ocrx_word' id='word_1_327' title='bbox 2539 3869 2690 3935; x_wconf 93' lang='lat' dir='ltr'><strong>olim</strong></span> <span class='ocrx_word' id='word_1_328' title='bbox 2720 3868 2894 3935; x_wconf 92' lang='lat' dir='ltr'><strong>dice-</strong></span> 
     </span>
     <span class='ocr_line' id='line_1_40' title="bbox 513 3956 2892 4043; baseline -0.003 -14"><span class='ocrx_word' id='word_1_329' title='bbox 513 3963 688 4039; x_wconf 90' lang='lat' dir='ltr'><strong>bant,</strong></span> <span class='ocrx_word' id='word_1_330' title='bbox 752 3961 847 4026; x_wconf 90' lang='lat' dir='ltr'><strong>ita</strong></span> <span class='ocrx_word' id='word_1_331' title='bbox 915 3979 1086 4027; x_wconf 91' lang='lat' dir='ltr'><strong>nunc</strong></span> <span class='ocrx_word' id='word_1_332' title='bbox 1155 3979 1405 4043; x_wconf 90' lang='lat' dir='ltr'><strong>quoque</strong></span> <span class='ocrx_word' id='word_1_333' title='bbox 1474 3960 1718 4027; x_wconf 90' lang='lat' dir='ltr'><strong>ordinis</strong></span> <span class='ocrx_word' id='word_1_334' title='bbox 1785 3959 1882 4025; x_wconf 90' lang='lat' dir='ltr'><strong>sui</strong></span> <span class='ocrx_word' id='word_1_335' title='bbox 1953 3959 2314 4025; x_wconf 87' lang='lat' dir='ltr'><strong>hominibus</strong></span> <span class='ocrx_word' id='word_1_336' title='bbox 2374 3976 2450 4024; x_wconf 90' lang='lat' dir='ltr'><strong>ac</strong></span> <span class='ocrx_word' id='word_1_337' title='bbox 2510 3956 2684 4041; x_wconf 92' lang='lat' dir='ltr'><strong>plebi</strong></span> <span class='ocrx_word' id='word_1_338' title='bbox 2745 3977 2892 4039; x_wconf 90' lang='lat' dir='ltr'><strong>pro-</strong></span> 
     </span>
     <span class='ocr_line' id='line_1_41' title="bbox 512 4046 2894 4131; baseline -0.002 -16"><span class='ocrx_word' id='word_1_339' title='bbox 512 4049 774 4131; x_wconf 90' lang='lat' dir='ltr'><strong>miscue,</strong></span> <span class='ocrx_word' id='word_1_340' title='bbox 851 4049 1003 4130; x_wconf 90' lang='lat' dir='ltr'><strong>quin</strong></span> <span class='ocrx_word' id='word_1_341' title='bbox 1070 4055 1139 4115; x_wconf 90' lang='lat' dir='ltr'><strong>et</strong></span> <span class='ocrx_word' id='word_1_342' title='bbox 1205 4049 1527 4117; x_wconf 87' lang='lat' dir='ltr'><strong>nobilitati</strong></span> <span class='ocrx_word' id='word_1_343' title='bbox 1596 4049 1993 4131; x_wconf 89' lang='lat' dir='ltr'><strong>quandoque,</strong></span> <span class='ocrx_word' id='word_1_344' title='bbox 2072 4048 2136 4112; x_wconf 90' lang='lat' dir='ltr'><strong>in</strong></span> <span class='ocrx_word' id='word_1_345' title='bbox 2205 4046 2458 4113; x_wconf 89' lang='lat' dir='ltr'><strong>casibus</strong></span> <span class='ocrx_word' id='word_1_346' title='bbox 2528 4046 2724 4113; x_wconf 89' lang='lat' dir='ltr'><strong>certis</strong></span> <span class='ocrx_word' id='word_1_347' title='bbox 2789 4046 2894 4127; x_wconf 86' lang='lat' dir='ltr'><strong>jus</strong></span> 
     </span>
     <span class='ocr_line' id='line_1_42' title="bbox 516 4134 2894 4218; baseline -0.003 -14"><span class='ocrx_word' id='word_1_348' title='bbox 516 4139 749 4207; x_wconf 88' lang='lat' dir='ltr'><strong>dicunt.</strong></span> <span class='ocrx_word' id='word_1_349' title='bbox 825 4136 1155 4205; x_wconf 89' lang='lat' dir='ltr'><strong>Vocantur</strong></span> <span class='ocrx_word' id='word_1_350' title='bbox 1213 4143 1428 4204; x_wconf 90' lang='lat' dir='ltr'><strong>autem</strong></span> <span class='ocrx_word' id='word_1_351' title='bbox 1486 4138 1552 4204; x_wconf 94' lang='lat' dir='ltr'><strong>in</strong></span> <span class='ocrx_word' id='word_1_352' title='bbox 1597 4138 1721 4203; x_wconf 92' lang='lat' dir='ltr'><strong>hoc</strong></span> <span class='ocrx_word' id='word_1_353' title='bbox 1757 4134 2085 4218; x_wconf 88' lang='lat' dir='ltr'><strong>judicium,</strong></span> <span class='ocrx_word' id='word_1_354' title='bbox 2146 4136 2602 4217; x_wconf 86' lang='lat' dir='ltr'><strong>descriptoque</strong></span> <span class='ocrx_word' id='word_1_355' title='bbox 2648 4134 2894 4215; x_wconf 85' lang='lat' dir='ltr'><strong>legibus</strong></span> 
     </span>
     <span class='ocr_line' id='line_1_43' title="bbox 518 4222 2894 4310; baseline -0.003 -15"><span class='ocrx_word' id='word_1_356' title='bbox 518 4232 608 4295; x_wconf 87' lang='lat' dir='ltr'><strong>et·</strong></span> <span class='ocrx_word' id='word_1_357' title='bbox 628 4229 895 4309; x_wconf 89' lang='lat' dir='ltr'><strong>recepto</strong></span> <span class='ocrx_word' id='word_1_358' title='bbox 944 4228 1171 4294; x_wconf 91' lang='lat' dir='ltr'><strong>ordine</strong></span> <span class='ocrx_word' id='word_1_359' title='bbox 1217 4226 1661 4310; x_wconf 89' lang='lat' dir='ltr'><strong>disceptantur</strong></span> <span class='ocrx_word' id='word_1_360' title='bbox 1708 4242 1784 4291; x_wconf 90' lang='lat' dir='ltr'><strong>ac</strong></span> <span class='ocrx_word' id='word_1_361' title='bbox 1822 4223 2203 4291; x_wconf 82' lang='lat' dir='ltr'><strong>deciduntur</strong></span> <span class='ocrx_word' id='word_1_362' title='bbox 2234 4239 2471 4291; x_wconf 88' lang='lat' dir='ltr'><strong>causae</strong></span> <span class='ocrx_word' id='word_1_363' title='bbox 2501 4224 2638 4292; x_wconf 89' lang='lat' dir='ltr'><strong>sine</strong></span> <span class='ocrx_word' id='word_1_364' title='bbox 2671 4222 2894 4289; x_wconf 91' lang='lat' dir='ltr'><strong>discri-</strong></span> 
     </span>
    </p>
   </div>
   <div class='ocr_carea' id='block_1_3' title="bbox 516 4362 908 4373">
    <p class='ocr_par' dir='ltr' id='par_1_5' title="bbox 516 4362 908 4373">
     <span class='ocr_line' id='line_1_44' title="bbox 516 4362 908 4373; baseline 0 677"><span class='ocrx_word' id='word_1_365' title='bbox 516 4362 908 4373; x_wconf 95' lang='lat' dir='ltr'><strong> </strong></span> 
     </span>
    </p>
   </div>
   <div class='ocr_carea' id='block_1_4' title="bbox 515 4426 2896 4589">
    <p class='ocr_par' dir='ltr' id='par_1_6' title="bbox 515 4426 2896 4589">
     <span class='ocr_line' id='line_1_45' title="bbox 722 4426 2896 4499; baseline 0.001 -17"><span class='ocrx_word' id='word_1_366' title='bbox 722 4428 768 4495; x_wconf 89' lang='lat'><strong>¹)</strong></span> <span class='ocrx_word' id='word_1_367' title='bbox 810 4428 999 4483; x_wconf 91' lang='lat' dir='ltr'><strong>Comit.</strong></span> <span class='ocrx_word' id='word_1_368' title='bbox 1039 4444 1165 4483; x_wconf 89' lang='lat' dir='ltr'><strong>ann.</strong></span> <span class='ocrx_word' id='word_1_369' title='bbox 1204 4432 1358 4488; x_wconf 82' lang='lat'><strong>1575.</strong></span> <span class='ocrx_word' id='word_1_370' title='bbox 1432 4426 1483 4499; x_wconf 85' lang='lat'><strong>²)</strong></span> <span class='ocrx_word' id='word_1_371' title='bbox 1519 4430 1621 4484; x_wconf 89' lang='lat' dir='ltr'><strong>Jus</strong></span> <span class='ocrx_word' id='word_1_372' title='bbox 1660 4428 1904 4496; x_wconf 84' lang='lat' dir='ltr'><strong>provinc.</strong></span> <span class='ocrx_word' id='word_1_373' title='bbox 1945 4428 2010 4481; x_wconf 91' lang='lat' dir='ltr'><strong>R.</strong></span> <span class='ocrx_word' id='word_1_374' title='bbox 2045 4432 2128 4487; x_wconf 82' lang='lat'><strong>16.</strong></span> <span class='ocrx_word' id='word_1_375' title='bbox 2204 4428 2255 4498; x_wconf 76' lang='lat'><strong>⁸)</strong></span> <span class='ocrx_word' id='word_1_376' title='bbox 2291 4429 2394 4483; x_wconf 88' lang='lat' dir='ltr'><strong>Jus</strong></span> <span class='ocrx_word' id='word_1_377' title='bbox 2431 4428 2672 4496; x_wconf 87' lang='lat' dir='ltr'><strong>provinc.</strong></span> <span class='ocrx_word' id='word_1_378' title='bbox 2711 4427 2775 4482; x_wconf 80' lang='lat' dir='ltr'><strong>R.</strong></span> <span class='ocrx_word' id='word_1_379' title='bbox 2813 4431 2896 4497; x_wconf 79' lang='lat'><strong>14,</strong></span> 
     </span>
     <span class='ocr_line' id='line_1_46' title="bbox 515 4496 2308 4589; baseline 0 -34"><span class='ocrx_word' id='word_1_380' title='bbox 515 4502 580 4557; x_wconf 90' lang='lat' dir='ltr'><strong>T.</strong></span> <span class='ocrx_word' id='word_1_381' title='bbox 620 4506 671 4573; x_wconf 84' lang='lat'><strong>2,</strong></span> <span class='ocrx_word' id='word_1_382' title='bbox 716 4500 784 4555; x_wconf 87' lang='lat' dir='ltr'><strong>X.</strong></span> <span class='ocrx_word' id='word_1_383' title='bbox 830 4503 911 4570; x_wconf 86' lang='lat'><strong>13,</strong></span> <span class='ocrx_word' id='word_1_384' title='bbox 956 4501 1111 4557; x_wconf 80' lang='lat' dir='ltr'><strong>V.-4.</strong></span> <span class='ocrx_word' id='word_1_385' title='bbox 1182 4496 1236 4589; x_wconf 70' lang='lat'><strong>²)</strong></span> <span class='ocrx_word' id='word_1_386' title='bbox 1274 4501 1481 4571; x_wconf 78' lang='lat' dir='ltr'><strong>Hagec.</strong></span> <span class='ocrx_word' id='word_1_387' title='bbox 1519 4500 1591 4555; x_wconf 88' lang='lat' dir='ltr'><strong>ad</strong></span> <span class='ocrx_word' id='word_1_388' title='bbox 1630 4516 1755 4555; x_wconf 87' lang='lat' dir='ltr'><strong>ann.</strong></span> <span class='ocrx_word' id='word_1_389' title='bbox 1792 4502 1914 4569; x_wconf 82' lang='lat'><strong>791,</strong></span> <span class='ocrx_word' id='word_1_390' title='bbox 1950 4503 2072 4559; x_wconf 87' lang='grc'><strong>836.</strong></span> <span class='ocrx_word' id='word_1_391' title='bbox 2303 4526 2308 4533; x_wconf 85' lang='grc'>·</span> 
     </span>
    </p>
   </div>
  </div>
 </body>
</html>
