3350 5050
529 495 614 564 58
1309 494 1377 548 V.
1415 490 1752 560 Ophthalmii
1788 489 2097 546 ProcessuS.

727 623 928 678 Forma
967 631 1065 690 est,
1107 623 1324 693 quando
1349 623 1555 678 habent
1583 639 1779 678 nomen
1807 622 2027 691 judicis,
2064 639 2256 678 nomen
2282 622 2633 694 litigatorum,
2672 631 2911 679 tenorem

531 695 812 763 petitionis
857 695 908 748 in
941 694 1148 762 judicio
1187 701 1490 764 porrectae,
1529 695 1889 749 substantiam
1927 701 1983 748 et
2018 711 2329 763 processum
2369 711 2587 765 causae,
2626 695 2693 749 de
2719 697 2915 766 quibus

535 783 634 834 per
673 767 908 821 tabulam
948 768 1383 836 subsequentem.

667 910 700 963 b
731 839 884 892 Finis
934 847 1034 907 est,
1083 847 1146 892 ut
1181 839 1430 912 partibus
1475 839 1570 908 jus
1619 855 1775 892 suum
1826 854 1893 892 ex
1930 855 2104 908 aequo
2156 847 2211 894 et
2258 839 2402 894 bono
2453 853 2550 907 per
2594 839 2915 894 sententiam

535 910 666 966 attri
705 915 882 967 natur.

1401 1025 1614 1086 Tabula
1649 1026 1715 1085 do
1752 1027 2054 1085 sententiis.

1413 1173 1621 1252 ‘partes
1659 1165 1729 1220 ad
1766 1165 2093 1221 audiendam
2130 1167 2453 1222 sententiam
2488 1167 2740 1222 citentur.

1435 1308 1814 1377 praesentibus
1866 1309 2132 1378 partibus,
2182 1310 2264 1364 vel
2314 1311 2485 1365 altera
2534 1310 2921 1364 contumaciter

1491 1381 1736 1450 absente,
1772 1382 2176 1450 pronunciatur.

1149 1425 1195 1478 ¹·
2440 1452 2683 1508 civilibus
2726 1451 2797 1507 ad
2830 1453 2921 1506 ali-

975 1523 1256 1595 Requisita
1297 1528 1365 1583 ad
2476 1524 2625 1594 'quid
2642 1531 2922 1592 praestan-

1005 1599 1342 1668 senteutiam,
1975 1596 2373 1665 condemnetur,
2496 1597 2640 1666 dum,

1149 1677 1209 1724 ut
2090 1675 2153 1722 ut
2188 1670 2241 1724 in
2444 1667 2809 1722 criminalibus
2855 1666 2925 1722 ad

2496 1755 2725 1808 poenam
2776 1739 2923 1793 luen-

1437 1811 1615 1865 altera
1670 1813 1905 1881 partium
2398 1805 2419 1874 l
2498 1811 2637 1867 dam.

1497 1881 1731 1938 discrete
1767 1885 1851 1938 vel
2938 1933 2951 1946 ,

1979 1955 2047 2008 ab
2088 1955 2423 2024 impetitione
2487 1955 2687 2009 actoris
2748 1953 2924 2008 absol-

2034 2033 2159 2080 vatn
2194 2070 2207 2083 .

597 2101 660 2153 In
699 2102 843 2154 omni
2164 2046 2192 2082 r

591 2207 860 2262 sententia
1449 2169 1918 2294 interlocutoriae,
1946 2243 1957 2254 ι
1981 2187 2081 2238 per
2142 2187 2277 2242 quas
2344 2170 2523 2225 aditus
2596 2169 2665 2223 ad
2728 2168 2926 2237 princi-

588 2316 694 2368 ma
730 2322 858 2367 sunt
1145 2284 1194 2337 2·
1515 2259 1689 2380 {3323
1722 2249 2047 2382 ῧῖῗηῗῗζὲῗῖ
2064 2247 2929 2382 sg’ffziffiffiffai‹12232220‘2311

581 2423 614 2477 b
813 2421 897 2475 d„
987 2388 1204 2455 Species
1242 2407 1359 2444 sen-
1515 2385 1572 2439 h.
1613 2385 1753 2438 iuter
1792 2385 2113 2453 principium
2172 2402 2371 2440 causae
2410 2393 2464 2438 et
2530 2385 2707 2451 finem,
2764 2385 2925 2436 inter-

545 2440 576 2476 ⁰
618 2438 808 2476 servan
851 2439 898 2476 ‘¹’
1015 2460 1324 2530 tentiaium,
1517 2455 1789 2526 loquendo
1826 2457 1944 2510 fieri
1982 2458 2157 2512 solent
2194 2457 2285 2525 (B.
2326 2460 2410 2515 86.
2452 2457 2589 2510 lust.
2631 2459 2707 2524 2.)

976 2548 1204 2601 quarum
1241 2534 1379 2587 alia?-
2488 2549 2880 2604 condemnatur

1049 2612 1177 2657 S¹¹¹¹f0
1215 2614 1311 2659 aut
1448 2622 1783 2693 diffinitivae,
1824 2642 1922 2693 per
1961 2642 2093 2693 quas
2133 2625 2199 2679 de
2231 2623 2374 2693 priu-

1519 2696 1685 2762 cipali
1745 2712 1912 2751 causa
1968 2698 2375 2763 pronunciatur,
2470 2693 2538 2747 ab
2577 2692 2909 2759 impetitione

1521 2774 1576 2819 et
1613 2768 1809 2836 quibus
1849 2768 2045 2838 aliquis
2085 2777 2179 2823 aut
2470 2765 2669 2819 actoris
2708 2764 2883 2817 absol-

2600 2836 2754 2891 vitur.

1144 2914 1193 2965 3.

985 3020 1134 3082 Quae
1175 3026 1384 3071 senten-

967 3089 1078 3140 tiae
1101 3105 1207 3141 non
1223 3096 1396 3143 trans-

993 3170 1118 3211 eant
1172 3161 1224 3213 in
1263 3178 1374 3213 rem

974 3230 1292 3301 judicatam,
1329 3240 1386 3285 ut

1161 3320 1206 3357 si

1455 2981 1791 3049 iniquitatem
1836 2984 2171 3038 manifestam
2210 2986 2265 3037 iu
2303 2998 2361 3035 se
2400 2982 2692 3035 continent.

1455 3060 1644 3106 contra
1696 3070 2005 3119 processum
2058 3056 2161 3109 fori
2222 3060 2349 3108 sunt
2396 3052 2556 3119 litae,
2614 3060 2673 3104 ut
2726 3051 2771 3103 si
2829 3066 2937 3103 non

1528 3134 1654 3177 sunt
1698 3132 1863 3178 testes
1920 3126 2169 3193 producti
2214 3128 2295 3180 vel
2350 3126 2708 3178 instrumenta.
2766 3121 2936 3188 publi-

1527 3205 1652 3249 cata
1679 3214 1859 3250 coram
1894 3206 2231 3266 competente
2273 3198 2412 3264 foro,
2434 3196 2512 3249 vel
2542 3210 2649 3249 non
2688 3202 2771 3247 est
2810 3208 2935 3246 con·

1527 3268 1751 3338 clusum,
1789 3276 1850 3321 ut
1886 3272 2146 3339 oportuit,
2185 3271 2237 3324 iu
2276 3286 2459 3325 causa.

1082 3517 1208 3589 De
1255 3517 1849 3592 declarationibus
1896 3518 2428 3591 sententiarum.

1435 3680 1757 3746 Titulus
1804 3680 2073 3745 XXXII.

763 3812 1230 3894 Nonnunquam
1315 3833 1354 3877 a
1434 3817 1725 3896 partibus
1816 3814 2167 3880 declaratio
2248 3812 2608 3879 sententiae
2676 3809 2939 3889 petitur,

561 3899 850 3979 inprimis
885 3919 1068 3988 vero,
1107 3904 1360 3982 quando
1399 3902 1684 3982 judicum
1732 3902 2249 3984 improvidentia,
2294 3900 2391 3966 vel
2436 3899 2670 3965 notarii
2716 3914 2940 3961 errore

569 3990 932 4069 ambiguum
1001 3991 1101 4055 vel
1167 3993 1507 4057 obscurum
1570 3991 1808 4072 aliquid
1871 3992 1935 4055 in
1996 4010 2075 4057 ea
2135 3992 2219 4055 sit
2279 3990 2573 4072 positum.
2644 3986 2940 4050 Omnium

565 4077 734 4141 enim
784 4078 1025 4143 habere
1075 4081 1446 4145 memoriam
1492 4083 1559 4144 et
1603 4080 1859 4161 penitus
1903 4080 1967 4146 in
2014 4079 2187 4145 nullo
2230 4095 2524 4159 peccare,
2586 4073 2799 4154 potius
2845 4076 2945 4135 est

563 4164 918 4230 divinitatis
966 4185 1156 4246 quam
1203 4166 1635 4233 humanitatis

759 4254 942 4318 Hanc
988 4256 1506 4337 declarationem,
1546 4255 1706 4321 alias
1754 4257 2261 4337 leuterationem,
2297 4252 2565 4332 quisque
2596 4250 2697 4314 vel
2728 4247 2941 4313 statim

571 4340 669 4405 vel
716 4341 884 4406 intra
931 4344 1083 4409 XIV
1130 4344 1285 4424 dies,
1336 4350 1678 4425 antequam
1745 4344 1877 4409 lata
1923 4344 2243 4409 sententia
2298 4343 2365 4406 in
2409 4359 2549 4406 rem
2588 4338 2945 4420 judicatam

565 4434 879 4511 transeat,
924 4450 1041 4512 per
1081 4432 1438 4512 ingressum
1471 4437 1586 4497 aut
1629 4431 1907 4497 libellum
1941 4432 2295 4511 supplicem
2321 4428 2525 4508 judici
2554 4431 2945 4509 porrectum,

568 4517 649 4587 ab
696 4536 774 4583 eo
821 4526 1046 4599 petere
1091 4526 1322 4600 potest,
1371 4525 1438 4586 et
1482 4538 1608 4586 non
1654 4520 2104 4601 denegabitur.
