3350 5050
510 501 548 576 4
1302 499 1369 558 V.
1410 499 1747 570 Ophthalmii
1783 501 2094 556 Processns.

709 647 918 728 HuJus
960 647 1062 713 rei
1105 645 1384 728 plurima
1431 664 1508 710 ex
1557 645 1759 709 sacris
1808 644 2100 726 exempla
2145 643 2387 709 adferri
2432 649 2727 726 possent,
2774 644 2897 708 nisi

516 761 788 840 clarum,
850 763 1147 839 apertum
1203 763 1270 821 et
1323 757 1676 836 notorium,
1738 760 1811 820 ut
1864 755 2131 836 dicitur,
2203 762 2403 836 esset,
2473 756 2643 836 quod
2698 755 2895 834 DeuS,

514 871 810 934 misertus
834 867 1091 950 generis
1115 865 1396 944 humani,
1421 865 1730 945 plurimos
1767 868 1915 945 post
1943 863 2193 944 lapsum
2218 864 2417 946 Adae,
2451 870 2517 929 et
2547 863 2897 945 praecipue

520 978 808 1060 Moysen,
855 976 1066 1041 divino
1113 975 1344 1055 spiritu
1402 973 1737 1052 afflaverit,
1799 973 1905 1052 qui
1950 972 2243 1037 relictam
2282 973 2448 1053 juris
2494 971 2898 1036 scintillulam

517 1092 986 1157 exsuscitarent
1031 1095 1098 1154 et
1143 1105 1258 1152 nos
1305 1085 1633 1168 paulatim,
1675 1087 1824 1166 jure
1869 1085 1989 1150 hoc
2032 1086 2308 1166 reddito,
2358 1105 2438 1152 ex
2483 1085 2742 1150 beluina
2787 1084 2897 1150 illa

519 1202 866 1280 caecitate,
926 1218 1115 1279 quam
1164 1198 1354 1280 primi
1398 1202 1704 1278 parentes
1750 1197 1932 1263 nobis
1979 1203 2408 1278 pepererunt,
2475 1218 2554 1262 ex
2598 1203 2788 1280 parte
2836 1198 2899 1262 in

517 1316 839 1396 integrum
885 1313 1321 1377 restituerent.
1381 1309 1474 1375 Ac
1521 1307 1813 1390 profecto
1853 1309 2020 1390 juris
2066 1309 2321 1391 scripti,
2385 1309 2563 1389 cujus
2610 1309 2788 1374 Deus
2836 1313 2904 1373 et

519 1431 788 1503 natura,
857 1428 929 1488 ut
985 1422 1221 1486 dictum
1281 1425 1412 1502 est,
1483 1421 1775 1501 primarii
1835 1426 1983 1484 sunt
2047 1426 2339 1500 autores,
2409 1421 2778 1485 inventores
2838 1424 2904 1484 et

525 1533 954 1616 perfectores,
1015 1536 1201 1594 tanta
1247 1537 1347 1596 est
1394 1531 1785 1610 necessitaS,
1856 1534 1928 1593 ut
1996 1528 2172 1594 nulla
2216 1530 2386 1595 vitae
2433 1547 2625 1610 par-S,
2694 1547 2905 1609 neque

522 1644 791 1726 publicis
853 1661 1061 1722 neque
1104 1642 1392 1722 privatiS‚
1469 1659 1677 1719 neque
1737 1640 2099 1705 forensibus
2173 1659 2383 1721 neque
2433 1640 2800 1706 domesticis
2846 1639 2910 1703 in

526 1754 741 1830 rebuS,
791 1771 998 1831 neque
1045 1752 1098 1814 si
1129 1757 1341 1816 tecum
1377 1769 1534 1831 agar
1567 1750 1741 1830 quid,
1791 1768 2000 1829 neque
2034 1752 2257 1815 sicum
2292 1750 2495 1815 altero
2543 1749 2909 1827 contrahaS,

525 1863 775 1943 legibus
822 1879 1054 1926 vacare
1101 1861 1320 1943 possit.
1388 1860 1516 1926 Sed
1562 1880 1642 1925 ne
1677 1859 1893 1926 multis
1943 1861 2312 1938 obtundam,
2364 1859 2443 1925 ad
2477 1861 2603 1925 mei
2633 1860 2908 1925 instituti

528 1973 846 2038 rationem
894 1971 1235 2036 descendo.

726 2081 1052 2161 Cogitanti
1097 2081 1286 2161 mihi,
1347 2079 1467 2143 hoc
1521 2080 1907 2160 praesertim
1947 2079 2199 2145 funesto
2265 2085 2332 2145 et
2376 2079 2555 2145 fatali
2601 2086 2910 2160 tempore,

536 2185 630 2267 (in
679 2209 802 2270 quo
864 2191 1037 2271 „Dat
1083 2208 1338 2254 carmen
1384 2195 1691 2268 stramen,
1743 2188 1853 2254 dat
1901 2208 2151 2270 quoque
2198 2190 2388 2255 Musa
2438 2180 2764 2270 famem“),
2836 2191 2915 2254 de

532 2301 874 2380 Bohemia,
934 2301 1150 2382 patria
1211 2318 1356 2364 mea
1403 2299 1803 2380 dulcissima,
1866 2301 1967 2364 cui
2027 2304 2095 2363 et
2150 2300 2291 2363 vivo
2350 2307 2418 2378 et
2464 2301 2681 2364 vivens
2731 2317 2917 2363 omne

534 2416 864 2490 acceptum
941 2409 1188 2489 refer0,
1258 2409 1512 2474 videtur
1579 2411 1644 2474 in
1716 2427 1795 2473 ea
1858 2410 2179 2490 tantisper
2225 2428 2529 2476 mansura
2575 2410 2917 2474 mediocris

533 2523 740 2589 forma
771 2521 1188 2604 reipublicae,
1239 2523 1443 2589 donec
1487 2521 1813 2589 florebunt
1858 2524 2265 2604 antiquarum
2297 2525 2513 2605 legum
2552 2531 2914 2589 nostrarum

535 2636 748 2701 studia
823 2640 888 2698 et
947 2653 1172 2698 earum
1235 2653 1390 2699 voce
1445 2633 1692 2714 judicia
1752 2635 2097 2715 curiaeque
2180 2641 2511 2717 regentur.
2576 2635 2731 2700 Ideo
2804 2654 2919 2715 pro

539 2745 712 2810 felici
779 2763 999 2809 earum
1063 2746 1547 2809 conservatione
1608 2745 1729 2809 hoc
1792 2745 2248 2825 Ench‘iridion,
2312 2745 2479 2825 quod
2543 2746 2921 2809 Processum

541 2855 714 2919 Juris
783 2854 1191 2935 Municipalis
1237 2854 1578 2934 Pragensis
1650 2855 1965 2935 appellari
2030 2855 2291 2936 placuit,
2362 2855 2555 2919 latino
2626 2873 2920 2919 sermone

541 2964 947 3032 conscribere
1019 2969 1086 3029 et
1153 2965 1322 3045 typis
1393 2965 1702 3031 mandare
1752 2964 1957 3030 volui:
2021 2984 2144 3029 non
2204 2972 2275 3029 ut
2332 2964 2649 3045 ingenium
2714 2982 2921 3027 meum

545 3080 973 3154 ostentarem,
1017 3078 1130 3138 aut
1175 3073 1427 3139 laudem
1477 3074 1753 3154 aliquam
1802 3075 1952 3140 inde
1999 3094 2306 3156 venarer,
2360 3074 2473 3138 sed
2521 3079 2591 3137 ut
2638 3092 2920 3139 amorem

551 3204 754 3250 meum
817 3202 976 3265 erga
1032 3183 1308 3265 patriam
1374 3190 1441 3248 et
1498 3184 1672 3265 leges
1720 3184 2104 3250 domesticas
2166 3203 2587 3266 exponerem,
2647 3189 2713 3248 et
2759 3185 2922 3249 bono

547 3295 738 3361 alicui
800 3292 974 3358 fideli
1046 3311 1122 3358 ac
1184 3294 1394 3375 perito
1432 3294 1872 3375 jureconsulto
1931 3296 2009 3360 ad
2074 3295 2351 3374 aliquam
2414 3293 2603 3358 laude
2669 3292 2923 3373 dignam

543 3407 720 3471 Juris
767 3404 1094 3469 Bohemici
1143 3404 1573 3468 oeconomiam
1621 3404 1937 3469 edendam
1984 3405 2383 3469 occasionem
2432 3404 2673 3483 darem,
2720 3419 2924 3480 eaque

548 3517 800 3581 ratione
845 3513 1308 3594 rempublicam
1355 3517 1636 3578 nostram
1690 3532 1831 3578 cum
1878 3513 2021 3577 aliis
2066 3534 2184 3597 pro
2232 3515 2395 3579 virili
2434 3514 2747 3594 juvarem.

749 3622 1008 3687 Etenim
1089 3624 1141 3687 si
1203 3642 1328 3687 non
1390 3623 1757 3705 vernacula,
1819 3624 1935 3689 sed
1998 3643 2265 3689 romana
2340 3626 2403 3689 in
2472 3627 2961 3691 conscribendo·

551 3736 670 3801 hoc
714 3735 894 3799 Juris
925 3732 1245 3799 Processu
1277 3740 1422 3799 utor
1462 3734 1705 3816 lingua,
1754 3754 1856 3799 me
1902 3738 2109 3817 ipsum
2159 3754 2297 3800 curn
2346 3737 2424 3800 iis
2472 3736 2576 3815 qui
2608 3736 2933 3801 fructuose

552 3846 617 3909 in
666 3842 899 3909 scholis
944 3849 1306 3922 versantur,
1355 3862 1662 3923 exerceo,
1718 3850 1785 3911 et
1831 3846 1912 3910 ad
1960 3847 2505 3927 agnoscendarum
2552 3847 2759 3927 legum
2807 3865 2931 3911 non

556 3954 811 4034 quidem
875 3954 1289 4033 exoticarum‚
1351 3972 1576 4018 verum
1624 3956 2119 4019 domesticarum
2165 3956 2692 4037 ichnographian,
2756 3975 2933 4021 more

557 4064 1074 4143 architectorum,
1121 4064 1386 4129 deducO.
1435 4064 1529 4127 Ea
1583 4066 1751 4129 enim
1788 4066 2039 4129 ratione
2078 4065 2317 4145 judico,
2364 4085 2485 4147 per
2530 4065 2691 4131 haec
2722 4067 2931 4147 legum

556 4176 765 4258 prima
808 4174 1194 4239 incunabula
1241 4174 1604 4239 universum
1647 4175 1753 4252 jus
1786 4182 2071 4240 nostrum
2104 4177 2298 4241 etiam
2328 4178 2501 4240 inter
2534 4176 2934 4257 juventutem

559 4284 958 4349 scolasticam
1029 4285 1380 4366 propagari
1406 4335 1421 4362 ,
1497 4301 1764 4362 remque
1843 4283 2160 4365 publicam
2240 4289 2524 4363 nostram
2594 4287 2937 4365 aliquando

557 4393 980 4459 reflorescere
1003 4411 1214 4475 posse,
1238 4394 1386 4458 dum
1413 4412 1488 4458 ex
1515 4391 1769 4467 scholis,
1794 4412 1957 4472 quae
1984 4398 2133 4459 sunt
2156 4396 2500 4475 seminaria
2521 4396 2938 4476 reipublicae,

559 4506 678 4569 viri
702 4505 876 4570 docti
911 4510 977 4569 et
1007 4504 1362 4585 prudentes
1394 4498 1763 4584 prodibunt,
1790 4504 1895 4582 qui
1922 4505 2135 4584 legum
2160 4511 2523 4569 nostrarum
2544 4507 2936 4588 cognitione,
