3350 5050
523 499 610 570 86
1330 497 1396 552 V.
1438 493 1775 564 Ophthalmii
1810 493 2121 548 Processus.

2777 617 2912 686 Pag.

538 715 887 776 Matrimonia
921 719 1116 788 quibus
1154 733 1219 772 ex
1258 719 1439 774 causis
1474 718 1911 788 redintegrantur
2033 756 2759 773 .........
2835 715 2904 771 42

522 815 595 870 In
630 811 1014 868 matrimoniali
1051 827 1219 866 causa
1254 812 1604 868 domesticum
1642 813 2008 869 testimonium
2045 811 2267 866 multum
2305 818 2487 880 potest
2571 853 2584 864 .
2659 852 2670 865 .
2749 852 2760 864 .
2835 811 2903 868 ⁴4

530 907 867 964 Meretricem
905 906 1109 961 ducens
1136 907 1301 975 juxta
1336 909 1581 962 Canones
1617 909 1980 962 remissionem
2021 914 2364 975 peccatorum
2404 907 2660 974 impetrat
2751 947 2762 960 .
2840 937 2904 945 —

532 999 733 1055 Mulier
769 998 1019 1054 adultera
1054 1000 1254 1054 amittit
1290 1000 1467 1057 dotem
1498 1040 2765 1058 ...............
2843 1030 2908 1038 --

547 1092 748 1148 Mulier
784 1093 993 1147 nubens
1030 1092 1173 1147 intra
1210 1110 1408 1148 annum
1445 1095 1641 1166 luctus,
1678 1113 1786 1152 non
1825 1096 2052 1150 incurrit
2086 1094 2359 1149 infamiam
2403 1137 2767 1149 .....
2843 1099 2912 1154 45

534 1271 746 1329 Notarii
782 1273 1019 1331 officium
1054 1269 1198 1342 quod
1236 1271 1291 1324 in
1328 1272 1724 1328 examinatione
1761 1273 1974 1327 testium
2043 1317 2055 1330 .
2133 1315 2144 1326 .
2220 1316 2232 1327 .
2307 1315 2320 1327 .
2397 1315 2408 1326 .
2483 1315 2496 1328 .
2574 1313 2587 1325 .
2661 1311 2672 1325 .
2750 1311 2762 1325 .
2839 1275 2909 1330 :30

540 1369 825 1426 Notorium
861 1383 970 1423 non
1008 1371 1133 1434 eget
1166 1365 1487 1434 probatione
1599 1409 2765 1423 ..............
2843 1363 2910 1426 ’28

538 1463 863 1532 Nuptiarum
884 1453 1091 1515 ‘divisio
1150 1502 2136 1517 ............
2197 1505 2226 1527 ,.
2303 1504 2314 1516 .
2393 1504 2404 1516 .
2481 1504 2492 1515 .
2573 1503 2584 1514 .
2663 1504 2673 1514 .
2748 1503 2760 1515 .
2837 1465 2906 1519 39

540 1557 777 1628 Nuptiae
813 1554 1097 1611 solvuntur
1134 1563 1306 1608 morte
1342 1559 1399 1608 et
1434 1552 1665 1610 divortio
1777 1595 2765 1611 ............
2839 1558 2898 1610 41

534 1649 769 1720 Nuptias
810 1665 919 1704 nou
956 1648 1293 1716 concubitus,
1332 1648 1427 1702 sed
1466 1665 1762 1704 consensus
1799 1648 1932 1704 facit
1957 1691 2768 1707 ..........
2841 1655 2911 1708 39

540 1743 781 1814 Nuptiae
819 1741 947 1812 quid
1061 1783 1073 1796 .
1148 1781 1163 1795 .
1238 1784 1250 1796 .
1326 1782 1338 1795 .
1416 1783 1429 1796 .
1506 1783 1518 1796 .
1595 1785 1607 1797 .
1683 1786 1695 1797 .
1774 1786 1786 1798 .
1864 1787 1876 1800 .
1952 1786 1965 1799 .
2040 1786 2052 1798 .
2129 1786 2143 1801 .
2219 1787 2231 1800 .
2308 1787 2319 1798 .
2397 1787 2409 1799 .
2487 1787 2497 1800 .
2575 1787 2587 1799 .
2663 1787 2676 1799 .
2753 1788 2765 1798 .
2839 1749 2910 1802 :38

528 1837 768 1908 Nuptiae
804 1835 986 1892 licitae
1022 1841 1077 1890 et
1112 1835 1331 1890 illicitae
1368 1851 1506 1904 quae
1595 1879 2764 1894 ..............
2839 1843 2910 1896 39

522 2003 805 2062 -Occidens
844 2017 1215 2072 aggressorem
1254 2019 1433 2071 poena
1469 2001 1744 2057 homicidii
1781 2003 2032 2060 eximitur
2128 2044 2766 2060 ........
2842 2009 2900 2063 71

536 2098 913 2157 occultatores
950 2096 1221 2152 latronum
1259 2094 1527 2165 quomodo
1564 2095 1866 2164 puniuntur
1961 2138 2768 2153 ..........
2842 2102 2910 2157 74

528 2279 791 2333 Parentes
830 2273 1099 2346 quomodo
1138 2273 1437 2328 succedunt
1472 2273 1658 2329 liberis
1697 2281 1754 2328 et
1789 2289 1928 2343 quae
1965 2291 2148 2329 eorum
2186 2276 2397 2342 spec-ies
2487 2317 2498 2328 .
2573 2315 2586 2328 .
2664 2317 2674 2327 .
2755 2317 2766 2329 .
2841 2275 2912 2332 :36

534 2370 860 2425 Partitorum
898 2367 1103 2422 crimen
1154 2407 2767 2428 ...................
2843 2371 2910 2426 75

530 2465 695 2520 Pater
734 2458 901 2514 filiam
940 2459 1241 2515 adulteram
1281 2461 1499 2531 impune
1536 2460 1783 2516 occidere
1821 2467 2005 2531 potest
2043 2502 2768 2518 .........
2843 2468 2912 2523 68

534 2558 829 2628 Pauperies
890 2598 1790 2614 ...........
1833 2630 1840 2635 .
1867 2600 1879 2613 .
1957 2601 1968 2612 .
2044 2600 2056 2612 .
2095 2628 2102 2635 ι
2133 2599 2766 2613 ........
2843 2562 2911 2617 76

540 2652 785 2723 Plagium
823 2650 951 2721 quid
990 2655 1045 2705 et
1081 2667 1221 2720 quae
1258 2651 1372 2721 ejus
1412 2669 1589 2721 poena
1691 2692 2770 2708 .............
2846 2653 2913 2711 75

529 2746 884 2803 Parricidium
922 2744 1050 2815 quid
1091 2751 1147 2799 et
1183 2762 1321 2815 quae
1358 2747 1473 2815 ejus
1512 2763 1692 2817 poena
1775 2788 2765 2805 ............
2842 2751 2910 2806 72

530 2842 821 2897 Peccatum
856 2844 1050 2895 contra
1084 2843 1335 2894 naturam
1374 2841 1518 2911 quod
1556 2848 1612 2896 et
1646 2842 1764 2910 ejus
1803 2858 1982 2911 poena
2045 2882 2763 2896 .........
2839 2846 2910 2899 68

532 2935 820 2991 Peculatus
860 2932 990 3002 quid
1027 2937 1084 2987 et
1119 2948 1258 3002 quae
1293 2932 1439 2987 illius
1477 2951 1653 3003 poena
1691 2977 2764 2991 .............
2841 2938 2911 2993 79

531 3026 855 3097 Peregrinus
894 3041 927 3079 a
964 3041 1065 3080 suo
1100 3024 1317 3094 hospite
1356 3031 1540 3093 potest
1574 3028 1836 3083 arrestari
1948 3068 2759 3083 ..........
2837 3030 2906 3085 62
3336 3062 3339 3087 ε

528 3122 712 3177 Poena
748 3117 1015 3189 quomodo
1055 3116 1271 3172 differat
1305 3134 1339 3172 a
1375 3118 1576 3173 mulcta
1687 3164 1698 3174 .
1775 3162 1788 3174 .
1864 3162 1876 3175 .
1952 3135 1964 3147 ·
2042 3161 2763 3175 .........
2837 3126 2906 3178 63
3313 3118 3340 3179 4

527 3215 831 3270 Poenarum
872 3226 1071 3280 genera
1154 3253 2766 3268 ...................
2841 3244 2908 3251 -
3336 3202 3339 3259 Ι

534 3309 725 3363 Poena
762 3305 947 3374 injusti
984 3305 1219 3359 carceris
1334 3346 2764 3361 .................
2841 3308 2908 3363 76

536 3399 817 3456 Possessio
856 3397 1117 3453 continua
1152 3397 1245 3451 ubi
1282 3398 1573 3467 requiritur
1598 3439 2765 3455 ..............
2842 3404 2909 3457 24

527 3492 933 3557 ‚Postliminium
970 3491 1061 3560 qui
1096 3491 1332 3546 retinent
1422 3534 2765 3549 ................
2847 3498 2907 3551 13

538 3584 917 3655 Praesumptio
956 3584 1086 3654 quid
1123 3590 1181 3638 et
1215 3584 1509 3653 quotuplex
1601 3626 2767 3641 ..............
2841 3588 2898 3643 51

530 3678 929 3737 Praevaricatio
972 3719 2320 3737 ................
2378 3726 2384 3734 .
2394 3718 2764 3736 .....
2840 3686 2911 3739 80

527 3762 783 3833 Probatio
822 3768 952 3841 quid
990 3775 1046 3827 et
1083 3778 1215 3842 quot
1251 3773 1367 3841 ejus
1406 3774 1614 3842 species
1683 3816 2760 3830 .............
2835 3775 2905 3829 27

529 3866 874 3925 Probandum
913 3862 1044 3934 quid
1082 3863 1137 3917 in
1173 3864 1291 3919 foro
1418 3908 2763 3925 ................
2841 3896 2906 3905 -

526 3964 855 4021 Procurator
891 3958 1022 4030 quid
1058 3965 1115 4013 et
1150 3960 1447 4029 quotuplex
1501 4002 2761 4019 ...............
2845 3962 2908 4016 18

522 4059 855 4115 Procuratur
890 4055 945 4109 in
984 4054 1354 4110 criminalibus
1394 4070 1500 4111 non
1536 4056 1840 4112 admittitur
1947 4098 2762 4113 ..........
2839 4085 2904 4095 -

521 4148 871 4206 Procuratori
912 4153 1172 4218 quantum
1213 4164 1313 4216 pro
1355 4148 1599 4217 qualibet
1636 4164 1806 4203 causa
1844 4148 2074 4205 solvitur
2129 4188 2765 4207 ........
2839 4176 2908 4183 -

522 4240 826 4299 Publicatio
866 4240 1085 4297 testium
1125 4240 1396 4311 quomodo
1433 4241 1530 4296 flat
1591 4282 2761 4298 ..............
2837 4242 2908 4297 53

526 4336 803 4393 Publicari
836 4353 946 4392 uno
985 4340 1110 4391 actu
1148 4334 1385 4403 partium
1423 4335 1732 4389 testimonia
1769 4334 1968 4390 debent
2042 4376 2761 4392 .........
2837 4337 2906 4391 54

530 4433 593 4486 ln
630 4428 998 4500 publicatione
1022 4429 1257 4499 testium,
1294 4445 1613 4485 concessum
1640 4434 1728 4483 est
1755 4430 2004 4497 excipere
2029 4434 2219 4485 contra
2257 4444 2518 4498 personas
2545 4427 2760 4481 testium

624 4530 680 4577 et
716 4538 899 4578 eorum
936 4522 1313 4578 attestationes
1409 4564 1421 4577 .
1499 4564 1511 4577 .
1592 4564 1603 4576 .
1681 4563 1694 4576 .
1743 4546 1752 4557 ·
1773 4561 2768 4579 ............
2844 4550 2928 4605 -,
