<?xml version="1.0" encoding="UTF-8"?>
<!DOCTYPE html PUBLIC "-//W3C//DTD XHTML 1.0 Transitional//EN"
    "http://www.w3.org/TR/xhtml1/DTD/xhtml1-transitional.dtd">
<html xmlns="http://www.w3.org/1999/xhtml" xml:lang="en" lang="en">
 <head>
  <title>
</title>
<meta http-equiv="Content-Type" content="text/html;charset=utf-8" />
  <meta name='ocr-system' content='tesseract 3.04.00' />
  <meta name='ocr-capabilities' content='ocr_page ocr_carea ocr_par ocr_line ocrx_word'/>
</head>
<body>
  <div class='ocr_page' id='page_1' title='image "./spisyprvnickopr00repugoog/spisyprvnickopr00repugoog_0085.png"; bbox 0 0 3350 5050; ppageno 0'>
   <div class='ocr_carea' id='block_1_1' title="bbox 1427 517 2830 594">
    <p class='ocr_par' dir='ltr' id='par_1_1' title="bbox 1427 517 2830 594">
     <span class='ocr_line' id='line_1_1' title="bbox 1427 517 2830 594; baseline -0.001 -20"><span class='ocrx_word' id='word_1_1' title='bbox 1427 521 1510 574; x_wconf 80' lang='lat' dir='ltr'><strong>De</strong></span> <span class='ocrx_word' id='word_1_2' title='bbox 1546 517 1857 582; x_wconf 55' lang='lat' dir='ltr'><strong>maleficiis(</strong></span> <span class='ocrx_word' id='word_1_3' title='bbox 2746 526 2830 594; x_wconf 80' lang='lat'><strong>73</strong></span> 
     </span>
    </p>
   </div>
   <div class='ocr_carea' id='block_1_2' title="bbox 442 649 2837 1976">
    <p class='ocr_par' dir='ltr' id='par_1_2' title="bbox 442 649 2836 1626">
     <span class='ocr_line' id='line_1_2' title="bbox 452 649 2831 746; baseline 0 -22"><span class='ocrx_word' id='word_1_4' title='bbox 452 659 609 740; x_wconf 70' lang='lat' dir='ltr'><strong>ejn8,</strong></span> <span class='ocrx_word' id='word_1_5' title='bbox 659 662 767 741; x_wconf 90' lang='lat' dir='ltr'><strong>qui</strong></span> <span class='ocrx_word' id='word_1_6' title='bbox 806 662 1280 746; x_wconf 79' lang='lat' dir='ltr'><strong>nuncupatione</strong></span> <span class='ocrx_word' id='word_1_7' title='bbox 1328 658 1660 741; x_wconf 87' lang='lat' dir='ltr'><strong>parricidii</strong></span> <span class='ocrx_word' id='word_1_8' title='bbox 1691 649 1789 733; x_wconf 86' lang='lat' dir='ltr'><strong>(ut</strong></span> <span class='ocrx_word' id='word_1_9' title='bbox 1822 664 1972 724; x_wconf 90' lang='lat' dir='ltr'><strong>sunt</strong></span> <span class='ocrx_word' id='word_1_10' title='bbox 2000 659 2221 737; x_wconf 81' lang='lat' dir='ltr'><strong>frater,</strong></span> <span class='ocrx_word' id='word_1_11' title='bbox 2264 678 2467 739; x_wconf 89' lang='lat' dir='ltr'><strong>soror,</strong></span> <span class='ocrx_word' id='word_1_12' title='bbox 2500 659 2831 740; x_wconf 83' lang='lat' dir='ltr'><strong>patruelis,</strong></span> 
     </span>
     <span class='ocr_line' id='line_1_3' title="bbox 452 747 2829 831; baseline 0.001 -21"><span class='ocrx_word' id='word_1_13' title='bbox 452 752 744 830; x_wconf 60' lang='lat' dir='ltr'><strong>patrum,</strong></span> <span class='ocrx_word' id='word_1_14' title='bbox 778 751 1145 831; x_wconf 87' lang='lat' dir='ltr'><strong>avunculus,</strong></span> <span class='ocrx_word' id='word_1_15' title='bbox 1175 748 1396 828; x_wconf 87' lang='lat' dir='ltr'><strong>amita,</strong></span> <span class='ocrx_word' id='word_1_16' title='bbox 1423 747 1865 826; x_wconf 79' lang='lat' dir='ltr'><strong>consobrinuS,</strong></span> <span class='ocrx_word' id='word_1_17' title='bbox 1898 749 2299 826; x_wconf 77' lang='lat' dir='ltr'><strong>consobrina,</strong></span> <span class='ocrx_word' id='word_1_18' title='bbox 2336 765 2514 827; x_wconf 85' lang='lat' dir='ltr'><strong>uxor,</strong></span> <span class='ocrx_word' id='word_1_19' title='bbox 2541 748 2829 826; x_wconf 80' lang='lat' dir='ltr'><strong>marituS,</strong></span> 
     </span>
     <span class='ocr_line' id='line_1_4' title="bbox 455 831 2833 919; baseline 0 -19"><span class='ocrx_word' id='word_1_20' title='bbox 455 854 674 917; x_wconf 89' lang='lat' dir='ltr'><strong>gener,</strong></span> <span class='ocrx_word' id='word_1_21' title='bbox 723 855 963 918; x_wconf 78' lang='lat' dir='ltr'><strong>socruS,</strong></span> <span class='ocrx_word' id='word_1_22' title='bbox 1030 839 1310 917; x_wconf 82' lang='lat' dir='ltr'><strong>vitricuS,</strong></span> <span class='ocrx_word' id='word_1_23' title='bbox 1372 835 1723 919; x_wconf 62' lang='lat' dir='ltr'><strong>privignus»,</strong></span> <span class='ocrx_word' id='word_1_24' title='bbox 1780 831 2102 918; x_wconf 88' lang='lat' dir='ltr'><strong>privigna)</strong></span> <span class='ocrx_word' id='word_1_25' title='bbox 2160 835 2527 901; x_wconf 78' lang='lat' dir='ltr'><strong>continetur</strong></span> <span class='ocrx_word' id='word_1_26' title='bbox 2567 867 2653 886; x_wconf 82' lang='lat'><strong>—-</strong></span> <span class='ocrx_word' id='word_1_27' title='bbox 2698 836 2833 901; x_wconf 85' lang='lat' dir='ltr'><strong>fata</strong></span> 
     </span>
     <span class='ocr_line' id='line_1_5' title="bbox 457 923 2833 1007; baseline 0 -20"><span class='ocrx_word' id='word_1_28' title='bbox 457 927 975 1007; x_wconf 83' lang='lat' dir='ltr'>praeparaverit,</span> <span class='ocrx_word' id='word_1_29' title='bbox 1040 927 1176 993; x_wconf 86' lang='lat' dir='ltr'><strong>sive</strong></span> <span class='ocrx_word' id='word_1_30' title='bbox 1235 925 1419 1006; x_wconf 89' lang='lat' dir='ltr'><strong>clam,</strong></span> <span class='ocrx_word' id='word_1_31' title='bbox 1481 923 1613 990; x_wconf 85' lang='lat' dir='ltr'><strong>sive</strong></span> <span class='ocrx_word' id='word_1_32' title='bbox 1673 923 1887 1003; x_wconf 85' lang='lat' dir='ltr'><strong>palam</strong></span> <span class='ocrx_word' id='word_1_33' title='bbox 1946 924 2015 988; x_wconf 93' lang='lat' dir='ltr'><strong>id</strong></span> <span class='ocrx_word' id='word_1_34' title='bbox 2073 924 2290 988; x_wconf 86' lang='lat' dir='ltr'><strong>enisus</strong></span> <span class='ocrx_word' id='word_1_35' title='bbox 2349 923 2562 1003; x_wconf 80' lang='lat' dir='ltr'><strong>fuerit,</strong></span> <span class='ocrx_word' id='word_1_36' title='bbox 2623 943 2833 1006; x_wconf 91' lang='lat' dir='ltr'><strong>poena</strong></span> 
     </span>
     <span class='ocr_line' id='line_1_6' title="bbox 454 1010 2831 1096; baseline 0.002 -21"><span class='ocrx_word' id='word_1_37' title='bbox 454 1013 788 1092; x_wconf 89' lang='lat' dir='ltr'><strong>parricidii</strong></span> <span class='ocrx_word' id='word_1_38' title='bbox 836 1015 1158 1096; x_wconf 81' lang='lat' dir='ltr'><strong>puniatur,</strong></span> <span class='ocrx_word' id='word_1_39' title='bbox 1209 1019 1276 1078; x_wconf 92' lang='lat' dir='ltr'><strong>et</strong></span> <span class='ocrx_word' id='word_1_40' title='bbox 1319 1030 1528 1091; x_wconf 90' lang='lat' dir='ltr'><strong>neque</strong></span> <span class='ocrx_word' id='word_1_41' title='bbox 1573 1010 1811 1092; x_wconf 89' lang='lat' dir='ltr'><strong>gladi0‚</strong></span> <span class='ocrx_word' id='word_1_42' title='bbox 1869 1029 2075 1090; x_wconf 89' lang='lat' dir='ltr'><strong>neque</strong></span> <span class='ocrx_word' id='word_1_43' title='bbox 2122 1012 2394 1092; x_wconf 82' lang='lat' dir='ltr'><strong>ignibuS,</strong></span> <span class='ocrx_word' id='word_1_44' title='bbox 2452 1030 2660 1092; x_wconf 85' lang='lat' dir='ltr'><strong>neque</strong></span> <span class='ocrx_word' id='word_1_45' title='bbox 2720 1011 2831 1079; x_wconf 86' lang='lat' dir='ltr'><strong>ulli</strong></span> 
     </span>
     <span class='ocr_line' id='line_1_7' title="bbox 442 1099 2831 1184; baseline 0 -20"><span class='ocrx_word' id='word_1_46' title='bbox 442 1099 569 1164; x_wconf 86' lang='lat' dir='ltr'><strong>&#39;alii</strong></span> <span class='ocrx_word' id='word_1_47' title='bbox 633 1101 876 1165; x_wconf 81' lang='lat' dir='ltr'><strong>solenni</strong></span> <span class='ocrx_word' id='word_1_48' title='bbox 935 1121 1185 1184; x_wconf 90' lang='lat' dir='ltr'><strong>poenae</strong></span> <span class='ocrx_word' id='word_1_49' title='bbox 1242 1100 1685 1181; x_wconf 82' lang='lat' dir='ltr'><strong>subjungetur,</strong></span> <span class='ocrx_word' id='word_1_50' title='bbox 1748 1101 1860 1164; x_wconf 84' lang='lat' dir='ltr'><strong>scd</strong></span> <span class='ocrx_word' id='word_1_51' title='bbox 1920 1099 2169 1165; x_wconf 89' lang='lat' dir='ltr'><strong>insutus</strong></span> <span class='ocrx_word' id='word_1_52' title='bbox 2229 1099 2409 1166; x_wconf 88' lang='lat' dir='ltr'><strong>culeo</strong></span> <span class='ocrx_word' id='word_1_53' title='bbox 2468 1118 2609 1165; x_wconf 91' lang='lat' dir='ltr'><strong>cum</strong></span> <span class='ocrx_word' id='word_1_54' title='bbox 2670 1120 2831 1166; x_wconf 88' lang='lat' dir='ltr'><strong>cane</strong></span> 
     </span>
     <span class='ocr_line' id='line_1_8' title="bbox 456 1188 2831 1270; baseline 0.001 -19"><span class='ocrx_word' id='word_1_55' title='bbox 456 1192 522 1252; x_wconf 90' lang='lat' dir='ltr'><strong>et</strong></span> <span class='ocrx_word' id='word_1_56' title='bbox 577 1189 746 1269; x_wconf 88' lang='lat' dir='ltr'><strong>gallo</strong></span> <span class='ocrx_word' id='word_1_57' title='bbox 805 1189 1161 1270; x_wconf 85' lang='lat' dir='ltr'><strong>gallinaceo</strong></span> <span class='ocrx_word' id='word_1_58' title='bbox 1234 1193 1302 1254; x_wconf 84' lang='lat' dir='ltr'><strong>et</strong></span> <span class='ocrx_word' id='word_1_59' title='bbox 1363 1188 1588 1270; x_wconf 89' lang='lat' dir='ltr'><strong>vipera</strong></span> <span class='ocrx_word' id='word_1_60' title='bbox 1657 1194 1725 1253; x_wconf 90' lang='lat' dir='ltr'><strong>et</strong></span> <span class='ocrx_word' id='word_1_61' title='bbox 1782 1188 1985 1268; x_wconf 88' lang='lat' dir='ltr'><strong>simia,</strong></span> <span class='ocrx_word' id='word_1_62' title='bbox 2058 1195 2123 1253; x_wconf 89' lang='lat' dir='ltr'><strong>et</strong></span> <span class='ocrx_word' id='word_1_63' title='bbox 2180 1190 2350 1253; x_wconf 86' lang='lat' dir='ltr'><strong>inter</strong></span> <span class='ocrx_word' id='word_1_64' title='bbox 2418 1207 2531 1254; x_wconf 87' lang='lat' dir='ltr'><strong>eas</strong></span> <span class='ocrx_word' id='word_1_65' title='bbox 2597 1188 2831 1254; x_wconf 74' lang='lat' dir='ltr'><strong>ferales</strong></span> 
     </span>
     <span class='ocr_line' id='line_1_9' title="bbox 457 1275 2832 1361; baseline 0.001 -22"><span class='ocrx_word' id='word_1_66' title='bbox 457 1277 788 1356; x_wconf 81' lang='lat' dir='ltr'><strong>angustias</strong></span> <span class='ocrx_word' id='word_1_67' title='bbox 836 1277 1352 1361; x_wconf 86' lang='lat' dir='ltr'><strong>comprehensus,</strong></span> <span class='ocrx_word' id='word_1_68' title='bbox 1407 1277 1802 1356; x_wconf 84' lang='lat' dir='ltr'><strong>serpentium</strong></span> <span class='ocrx_word' id='word_1_69' title='bbox 1858 1276 2292 1342; x_wconf 86' lang='lat' dir='ltr'><strong>contuberniis</strong></span> <span class='ocrx_word' id='word_1_70' title='bbox 2338 1275 2704 1357; x_wconf 87' lang='lat' dir='ltr'><strong>misceatur,</strong></span> <span class='ocrx_word' id='word_1_71' title='bbox 2764 1281 2832 1342; x_wconf 88' lang='lat' dir='ltr'><strong>et</strong></span> 
     </span>
     <span class='ocr_line' id='line_1_10' title="bbox 459 1363 2831 1447; baseline 0.001 -19"><span class='ocrx_word' id='word_1_72' title='bbox 459 1368 529 1428; x_wconf 91' lang='lat' dir='ltr'><strong>ut</strong></span> <span class='ocrx_word' id='word_1_73' title='bbox 572 1365 853 1446; x_wconf 87' lang='lat' dir='ltr'><strong>regionis</strong></span> <span class='ocrx_word' id='word_1_74' title='bbox 903 1367 1176 1447; x_wconf 86' lang='lat' dir='ltr'><strong>qualitas</strong></span> <span class='ocrx_word' id='word_1_75' title='bbox 1223 1365 1460 1444; x_wconf 87' lang='lat' dir='ltr'><strong>tulerit,</strong></span> <span class='ocrx_word' id='word_1_76' title='bbox 1525 1363 1626 1428; x_wconf 89' lang='lat' dir='ltr'><strong>vel</strong></span> <span class='ocrx_word' id='word_1_77' title='bbox 1671 1364 1740 1428; x_wconf 91' lang='lat' dir='ltr'><strong>in</strong></span> <span class='ocrx_word' id='word_1_78' title='bbox 1780 1363 2051 1430; x_wconf 84' lang='lat' dir='ltr'><strong>vicinum</strong></span> <span class='ocrx_word' id='word_1_79' title='bbox 2100 1383 2276 1430; x_wconf 86' lang='lat' dir='ltr'><strong>mare</strong></span> <span class='ocrx_word' id='word_1_80' title='bbox 2326 1363 2421 1430; x_wconf 79' lang='lat' dir='ltr'><strong>vel</strong></span> <span class='ocrx_word' id='word_1_81' title='bbox 2468 1365 2533 1428; x_wconf 89' lang='lat' dir='ltr'><strong>in</strong></span> <span class='ocrx_word' id='word_1_82' title='bbox 2581 1383 2831 1430; x_wconf 80' lang='lat' dir='ltr'><strong>amnem</strong></span> 
     </span>
     <span class='ocr_line' id='line_1_11' title="bbox 459 1451 2836 1533; baseline 0 -18"><span class='ocrx_word' id='word_1_83' title='bbox 459 1451 872 1533; x_wconf 82' lang='lat' dir='ltr'><strong>projiciatur:</strong></span> <span class='ocrx_word' id='word_1_84' title='bbox 937 1458 1011 1520; x_wconf 90' lang='lat' dir='ltr'><strong>ut</strong></span> <span class='ocrx_word' id='word_1_85' title='bbox 1055 1455 1222 1520; x_wconf 89' lang='lat' dir='ltr'><strong>omni</strong></span> <span class='ocrx_word' id='word_1_86' title='bbox 1271 1454 1735 1519; x_wconf 87' lang='lat' dir='ltr'><strong>elementorum</strong></span> <span class='ocrx_word' id='word_1_87' title='bbox 1782 1471 1901 1516; x_wconf 92' lang='lat' dir='ltr'><strong>usu</strong></span> <span class='ocrx_word' id='word_1_88' title='bbox 1949 1453 2127 1518; x_wconf 74' lang='lat' dir='ltr'><strong>virus</strong></span> <span class='ocrx_word' id='word_1_89' title='bbox 2173 1470 2397 1518; x_wconf 89' lang='lat' dir='ltr'><strong>carere</strong></span> <span class='ocrx_word' id='word_1_90' title='bbox 2456 1453 2723 1533; x_wconf 88' lang='lat' dir='ltr'><strong>incipiat</strong></span> <span class='ocrx_word' id='word_1_91' title='bbox 2768 1458 2836 1518; x_wconf 91' lang='lat' dir='ltr'><strong>et</strong></span> 
     </span>
     <span class='ocr_line' id='line_1_12' title="bbox 459 1532 2835 1626; baseline 0 -20"><span class='ocrx_word' id='word_1_92' title='bbox 459 1540 521 1606; x_wconf 91' lang='lat' dir='ltr'><strong>ei</strong></span> <span class='ocrx_word' id='word_1_93' title='bbox 567 1541 813 1607; x_wconf 90' lang='lat' dir='ltr'><strong>coelum</strong></span> <span class='ocrx_word' id='word_1_94' title='bbox 860 1542 1218 1626; x_wconf 80' lang='lat' dir='ltr'><strong>superstiti,</strong></span> <span class='ocrx_word' id='word_1_95' title='bbox 1265 1547 1444 1607; x_wconf 89' lang='lat' dir='ltr'><strong>terra</strong></span> <span class='ocrx_word' id='word_1_96' title='bbox 1489 1544 1741 1605; x_wconf 91' lang='lat' dir='ltr'><strong>mortuo</strong></span> <span class='ocrx_word' id='word_1_97' title='bbox 1786 1539 2121 1606; x_wconf 88' lang='lat' dir='ltr'><strong>auferatur</strong></span> <span class='ocrx_word' id='word_1_98' title='bbox 2180 1532 2306 1620; x_wconf 90' lang='lat' dir='ltr'><strong>(N.</strong></span> <span class='ocrx_word' id='word_1_99' title='bbox 2351 1541 2454 1607; x_wconf 85' lang='lat'><strong>27.</strong></span> <span class='ocrx_word' id='word_1_100' title='bbox 2506 1541 2679 1606; x_wconf 70' lang='lat' dir='ltr'><strong>Dist.</strong></span> <span class='ocrx_word' id='word_1_101' title='bbox 2730 1533 2835 1622; x_wconf 84' lang='lat'><strong>3.)</strong></span> 
     </span>
    </p>

    <p class='ocr_par' dir='ltr' id='par_1_3' title="bbox 455 1627 2837 1976">
     <span class='ocr_line' id='line_1_13' title="bbox 654 1627 2833 1712; baseline 0 -19"><span class='ocrx_word' id='word_1_102' title='bbox 654 1629 870 1695; x_wconf 85' lang='lat' dir='ltr'><strong>Infans</strong></span> <span class='ocrx_word' id='word_1_103' title='bbox 917 1631 1019 1695; x_wconf 87' lang='lat' dir='ltr'><strong>vel</strong></span> <span class='ocrx_word' id='word_1_104' title='bbox 1065 1629 1363 1710; x_wconf 81' lang='lat' dir='ltr'><strong>furiosuS,</strong></span> <span class='ocrx_word' id='word_1_105' title='bbox 1410 1629 1464 1694; x_wconf 85' lang='lat' dir='ltr'><strong>si</strong></span> <span class='ocrx_word' id='word_1_106' title='bbox 1509 1627 1917 1694; x_wconf 87' lang='lat' dir='ltr'><strong>homicidium</strong></span> <span class='ocrx_word' id='word_1_107' title='bbox 1966 1629 2064 1693; x_wconf 87' lang='lat' dir='ltr'><strong>vel</strong></span> <span class='ocrx_word' id='word_1_108' title='bbox 2110 1628 2525 1712; x_wconf 86' lang='lat' dir='ltr'><strong>parricidium</strong></span> <span class='ocrx_word' id='word_1_109' title='bbox 2572 1631 2833 1696; x_wconf 89' lang='lat' dir='ltr'><strong>commi-</strong></span> 
     </span>
     <span class='ocr_line' id='line_1_14' title="bbox 455 1714 2837 1800; baseline 0 -20"><span class='ocrx_word' id='word_1_110' title='bbox 455 1715 679 1796; x_wconf 88' lang='lat' dir='ltr'><strong>serint,</strong></span> <span class='ocrx_word' id='word_1_111' title='bbox 725 1718 866 1799; x_wconf 82' lang='lat' dir='ltr'><strong>lege</strong></span> <span class='ocrx_word' id='word_1_112' title='bbox 915 1719 1216 1785; x_wconf 87' lang='lat' dir='ltr'><strong>Cornelia</strong></span> <span class='ocrx_word' id='word_1_113' title='bbox 1277 1736 1403 1783; x_wconf 92' lang='lat' dir='ltr'><strong>nou</strong></span> <span class='ocrx_word' id='word_1_114' title='bbox 1450 1722 1771 1782; x_wconf 89' lang='lat' dir='ltr'><strong>tenentur.</strong></span> <span class='ocrx_word' id='word_1_115' title='bbox 1834 1714 2119 1782; x_wconf 88' lang='lat' dir='ltr'><strong>Alterum</strong></span> <span class='ocrx_word' id='word_1_116' title='bbox 2182 1735 2411 1798; x_wconf 87' lang='lat' dir='ltr'><strong>nempe</strong></span> <span class='ocrx_word' id='word_1_117' title='bbox 2472 1717 2837 1800; x_wconf 86' lang='lat' dir='ltr'><strong>innocentia</strong></span> 
     </span>
     <span class='ocr_line' id='line_1_15' title="bbox 461 1804 2835 1888; baseline 0 -18"><span class='ocrx_word' id='word_1_118' title='bbox 461 1805 712 1871; x_wconf 88' lang='lat' dir='ltr'><strong>consilii</strong></span> <span class='ocrx_word' id='word_1_119' title='bbox 759 1812 998 1888; x_wconf 87' lang='lat' dir='ltr'><strong>tuetur,</strong></span> <span class='ocrx_word' id='word_1_120' title='bbox 1032 1810 1304 1872; x_wconf 87' lang='lat' dir='ltr'><strong>alterum</strong></span> <span class='ocrx_word' id='word_1_121' title='bbox 1352 1805 1469 1870; x_wconf 87' lang='lat' dir='ltr'><strong>fati</strong></span> <span class='ocrx_word' id='word_1_122' title='bbox 1515 1804 1863 1870; x_wconf 79' lang='lat' dir='ltr'><strong>infelicitas</strong></span> <span class='ocrx_word' id='word_1_123' title='bbox 1909 1813 2203 1886; x_wconf 83' lang='lat' dir='ltr'><strong>excusat;</strong></span> <span class='ocrx_word' id='word_1_124' title='bbox 2251 1805 2526 1870; x_wconf 86' lang='lat' dir='ltr'><strong>furiosus</strong></span> <span class='ocrx_word' id='word_1_125' title='bbox 2559 1822 2835 1884; x_wconf 87' lang='lat' dir='ltr'><strong>namque</strong></span> 
     </span>
     <span class='ocr_line' id='line_1_16' title="bbox 455 1884 2042 1976; baseline 0.001 -20"><span class='ocrx_word' id='word_1_126' title='bbox 455 1893 614 1958; x_wconf 87' lang='lat' dir='ltr'><strong>satis</strong></span> <span class='ocrx_word' id='word_1_127' title='bbox 657 1895 798 1975; x_wconf 86' lang='lat' dir='ltr'><strong>ipso</strong></span> <span class='ocrx_word' id='word_1_128' title='bbox 841 1894 1059 1961; x_wconf 86' lang='lat' dir='ltr'><strong>furore</strong></span> <span class='ocrx_word' id='word_1_129' title='bbox 1107 1895 1375 1976; x_wconf 52' lang='lat' dir='ltr'><strong>punitur*</strong></span> <span class='ocrx_word' id='word_1_130' title='bbox 1414 1886 1540 1973; x_wconf 89' lang='lat' dir='ltr'><strong>(N.</strong></span> <span class='ocrx_word' id='word_1_131' title='bbox 1572 1890 1681 1960; x_wconf 87' lang='lat'><strong>31.</strong></span> <span class='ocrx_word' id='word_1_132' title='bbox 1729 1890 1905 1957; x_wconf 62' lang='lat' dir='ltr'><strong>Dian.</strong></span> <span class='ocrx_word' id='word_1_133' title='bbox 1937 1884 2042 1975; x_wconf 87' lang='lat'><strong>2.)</strong></span> 
     </span>
    </p>
   </div>
   <div class='ocr_carea' id='block_1_3' title="bbox 1068 2079 2219 2177">
    <p class='ocr_par' dir='ltr' id='par_1_4' title="bbox 1068 2079 2219 2177">
     <span class='ocr_line' id='line_1_17' title="bbox 1068 2079 2219 2177; baseline -0.002 -22"><span class='ocrx_word' id='word_1_134' title='bbox 1068 2083 1195 2156; x_wconf 80' lang='lat' dir='ltr'><strong>De</strong></span> <span class='ocrx_word' id='word_1_135' title='bbox 1247 2079 1624 2154; x_wconf 72' lang='lat' dir='ltr'><strong>violatione</strong></span> <span class='ocrx_word' id='word_1_136' title='bbox 1670 2080 2219 2177; x_wconf 74' lang='lat' dir='ltr'><strong>sepulchrorum.</strong></span> 
     </span>
    </p>
   </div>
   <div class='ocr_carea' id='block_1_4' title="bbox 457 2223 2834 2651">
    <p class='ocr_par' dir='ltr' id='par_1_5' title="bbox 457 2223 2834 2488">
     <span class='ocr_line' id='line_1_18' title="bbox 657 2223 2833 2312; baseline 0.001 -18"><span class='ocrx_word' id='word_1_137' title='bbox 657 2230 723 2295; x_wconf 91' lang='lat' dir='ltr'><strong>Si</strong></span> <span class='ocrx_word' id='word_1_138' title='bbox 770 2231 910 2311; x_wconf 85' lang='lat' dir='ltr'><strong>quis</strong></span> <span class='ocrx_word' id='word_1_139' title='bbox 956 2232 1099 2297; x_wconf 88' lang='lat' dir='ltr'><strong>dolo</strong></span> <span class='ocrx_word' id='word_1_140' title='bbox 1147 2231 1313 2298; x_wconf 90' lang='lat' dir='ltr'><strong>malo</strong></span> <span class='ocrx_word' id='word_1_141' title='bbox 1362 2228 1768 2312; x_wconf 88' lang='lat' dir='ltr'><strong>sepulchrum</strong></span> <span class='ocrx_word' id='word_1_142' title='bbox 1832 2227 2099 2308; x_wconf 88' lang='lat' dir='ltr'><strong>alicujus</strong></span> <span class='ocrx_word' id='word_1_143' title='bbox 2162 2230 2515 2310; x_wconf 87' lang='lat' dir='ltr'><strong>violaverit,</strong></span> <span class='ocrx_word' id='word_1_144' title='bbox 2572 2237 2641 2296; x_wconf 89' lang='lat' dir='ltr'><strong>et</strong></span> <span class='ocrx_word' id='word_1_145' title='bbox 2683 2223 2833 2298; x_wconf 83' lang='lat' dir='ltr'><strong>inde</strong></span> 
     </span>
     <span class='ocr_line' id='line_1_19' title="bbox 457 2315 2834 2401; baseline 0.001 -19"><span class='ocrx_word' id='word_1_146' title='bbox 457 2319 560 2384; x_wconf 84' lang='lat' dir='ltr'><strong>vel</strong></span> <span class='ocrx_word' id='word_1_147' title='bbox 605 2338 835 2401; x_wconf 88' lang='lat' dir='ltr'><strong>corpus</strong></span> <span class='ocrx_word' id='word_1_148' title='bbox 882 2324 1224 2400; x_wconf 90' lang='lat' dir='ltr'><strong>mortuum,</strong></span> <span class='ocrx_word' id='word_1_149' title='bbox 1288 2319 1389 2384; x_wconf 91' lang='lat' dir='ltr'><strong>vel</strong></span> <span class='ocrx_word' id='word_1_150' title='bbox 1436 2337 1600 2396; x_wconf 87' lang='lat' dir='ltr'><strong>ossa,</strong></span> <span class='ocrx_word' id='word_1_151' title='bbox 1647 2317 1748 2383; x_wconf 89' lang='lat' dir='ltr'><strong>vel</strong></span> <span class='ocrx_word' id='word_1_152' title='bbox 1808 2315 2052 2398; x_wconf 88' lang='lat' dir='ltr'><strong>aliquid</strong></span> <span class='ocrx_word' id='word_1_153' title='bbox 2117 2319 2290 2384; x_wconf 88' lang='lat' dir='ltr'><strong>aliud</strong></span> <span class='ocrx_word' id='word_1_154' title='bbox 2353 2318 2711 2398; x_wconf 86' lang='lat' dir='ltr'><strong>abstulerit,</strong></span> <span class='ocrx_word' id='word_1_155' title='bbox 2771 2322 2834 2384; x_wconf 91' lang='lat' dir='ltr'><strong>iu</strong></span> 
     </span>
     <span class='ocr_line' id='line_1_20' title="bbox 457 2397 1751 2488; baseline -0.001 -15"><span class='ocrx_word' id='word_1_156' title='bbox 457 2425 730 2488; x_wconf 90' lang='lat' dir='ltr'><strong>poenam</strong></span> <span class='ocrx_word' id='word_1_157' title='bbox 775 2407 1115 2488; x_wconf 86' lang='lat' dir='ltr'><strong>capitalem</strong></span> <span class='ocrx_word' id='word_1_158' title='bbox 1162 2408 1435 2474; x_wconf 86' lang='lat' dir='ltr'><strong>incurrit</strong></span> <span class='ocrx_word' id='word_1_159' title='bbox 1483 2397 1600 2486; x_wconf 87' lang='lat'><strong>(0.</strong></span> <span class='ocrx_word' id='word_1_160' title='bbox 1643 2399 1751 2486; x_wconf 88' lang='lat'><strong>3.)</strong></span> 
     </span>
    </p>

    <p class='ocr_par' dir='ltr' id='par_1_6' title="bbox 457 2493 2828 2651">
     <span class='ocr_line' id='line_1_21' title="bbox 653 2493 2828 2577; baseline 0.001 -17"><span class='ocrx_word' id='word_1_161' title='bbox 653 2496 750 2563; x_wconf 92' lang='lat' dir='ltr'><strong>De</strong></span> <span class='ocrx_word' id='word_1_162' title='bbox 799 2496 956 2562; x_wconf 87' lang='lat' dir='ltr'><strong>Jure</strong></span> <span class='ocrx_word' id='word_1_163' title='bbox 988 2497 1319 2562; x_wconf 88' lang='lat' dir='ltr'><strong>Communi</strong></span> <span class='ocrx_word' id='word_1_164' title='bbox 1362 2495 1582 2561; x_wconf 88' lang='lat' dir='ltr'><strong>decem</strong></span> <span class='ocrx_word' id='word_1_165' title='bbox 1614 2497 1825 2577; x_wconf 90' lang='lat' dir='ltr'><strong>pondo</strong></span> <span class='ocrx_word' id='word_1_166' title='bbox 1860 2493 2000 2559; x_wconf 89' lang='lat' dir='ltr'><strong>auri</strong></span> <span class='ocrx_word' id='word_1_167' title='bbox 2033 2498 2288 2561; x_wconf 87' lang='lat' dir='ltr'><strong>tenetur</strong></span> <span class='ocrx_word' id='word_1_168' title='bbox 2319 2495 2472 2563; x_wconf 88' lang='lat' dir='ltr'><strong>fisco</strong></span> <span class='ocrx_word' id='word_1_169' title='bbox 2518 2495 2828 2577; x_wconf 79' lang='lat' dir='ltr'><strong>ejusmodi</strong></span> 
     </span>
     <span class='ocr_line' id='line_1_22' title="bbox 457 2584 1033 2651; baseline 0.002 -2"><span class='ocrx_word' id='word_1_170' title='bbox 457 2585 730 2651; x_wconf 88' lang='lat' dir='ltr'><strong>violator</strong></span> <span class='ocrx_word' id='word_1_171' title='bbox 745 2584 750 2593; x_wconf 82' lang='grc'><strong>’</strong></span> <span class='ocrx_word' id='word_1_172' title='bbox 772 2586 1033 2651; x_wconf 88' lang='lat' dir='ltr'><strong>inferre.</strong></span> 
     </span>
    </p>
   </div>
   <div class='ocr_carea' id='block_1_5' title="bbox 1277 2721 1997 2821">
    <p class='ocr_par' dir='ltr' id='par_1_7' title="bbox 1277 2721 1997 2821">
     <span class='ocr_line' id='line_1_23' title="bbox 1277 2721 1997 2821; baseline 0 -24"><span class='ocrx_word' id='word_1_173' title='bbox 1277 2724 1404 2797; x_wconf 74' lang='lat' dir='ltr'><strong>De</strong></span> <span class='ocrx_word' id='word_1_174' title='bbox 1453 2721 1760 2797; x_wconf 58' lang='lat' dir='ltr'><strong>mimine</strong></span> <span class='ocrx_word' id='word_1_175' title='bbox 1788 2723 1997 2821; x_wconf 80' lang='lat' dir='ltr'><strong>falsi.</strong></span> 
     </span>
    </p>
   </div>
   <div class='ocr_carea' id='block_1_6' title="bbox 453 2864 2835 4533">
    <p class='ocr_par' dir='ltr' id='par_1_8' title="bbox 453 2864 2835 4180">
     <span class='ocr_line' id='line_1_24' title="bbox 647 2864 2829 2949; baseline 0 -18"><span class='ocrx_word' id='word_1_176' title='bbox 647 2865 905 2931; x_wconf 88' lang='lat' dir='ltr'><strong>Crimen</strong></span> <span class='ocrx_word' id='word_1_177' title='bbox 950 2865 1094 2932; x_wconf 81' lang='lat' dir='ltr'><strong>falsi</strong></span> <span class='ocrx_word' id='word_1_178' title='bbox 1142 2865 1394 2949; x_wconf 79' lang='lat' dir='ltr'><strong>dicitur,</strong></span> <span class='ocrx_word' id='word_1_179' title='bbox 1444 2866 1701 2945; x_wconf 87' lang='lat' dir='ltr'><strong>quando</strong></span> <span class='ocrx_word' id='word_1_180' title='bbox 1736 2866 1977 2931; x_wconf 88' lang='lat' dir='ltr'><strong>veritas</strong></span> <span class='ocrx_word' id='word_1_181' title='bbox 2022 2864 2468 2931; x_wconf 86' lang='lat' dir='ltr'><strong>fraudulenter</strong></span> <span class='ocrx_word' id='word_1_182' title='bbox 2512 2868 2579 2929; x_wconf 88' lang='lat' dir='ltr'><strong>et</strong></span> <span class='ocrx_word' id='word_1_183' title='bbox 2610 2864 2829 2931; x_wconf 88' lang='lat' dir='ltr'><strong>dolose</strong></span> 
     </span>
     <span class='ocr_line' id='line_1_25' title="bbox 453 2943 2825 3035; baseline -0.001 -15"><span class='ocrx_word' id='word_1_184' title='bbox 453 2958 517 3021; x_wconf 91' lang='lat' dir='ltr'><strong>in</strong></span> <span class='ocrx_word' id='word_1_185' title='bbox 583 2953 982 3019; x_wconf 86' lang='lat' dir='ltr'><strong>mendacium</strong></span> <span class='ocrx_word' id='word_1_186' title='bbox 1045 2959 1331 3020; x_wconf 86' lang='lat' dir='ltr'><strong>mutatur</strong></span> <span class='ocrx_word' id='word_1_187' title='bbox 1386 2943 1506 3035; x_wconf 90' lang='lat'><strong>(0.</strong></span> <span class='ocrx_word' id='word_1_188' title='bbox 1552 2955 1611 3020; x_wconf 87' lang='lat'><strong>5.</strong></span> <span class='ocrx_word' id='word_1_189' title='bbox 1654 2954 1827 3019; x_wconf 72' lang='lat' dir='ltr'><strong>Dist.</strong></span> <span class='ocrx_word' id='word_1_190' title='bbox 1882 2956 1937 3020; x_wconf 88' lang='lat'><strong>1.</strong></span> <span class='ocrx_word' id='word_1_191' title='bbox 1942 2947 2002 3034; x_wconf 92' lang='lat'><strong>).</strong></span> <span class='ocrx_word' id='word_1_192' title='bbox 2070 2952 2505 3018; x_wconf 70' lang='lat' dir='ltr'><strong>committitur</strong></span> <span class='ocrx_word' id='word_1_193' title='bbox 2566 2953 2825 3032; x_wconf 86' lang='lat' dir='ltr'><strong>quadri-</strong></span> 
     </span>
     <span class='ocr_line' id='line_1_26' title="bbox 455 3042 2831 3122; baseline -0.001 -14"><span class='ocrx_word' id='word_1_194' title='bbox 455 3045 718 3108; x_wconf 83' lang='lat' dir='ltr'><strong>fariam:</strong></span> <span class='ocrx_word' id='word_1_195' title='bbox 767 3043 1002 3120; x_wconf 88' lang='lat' dir='ltr'><strong>Primo‚</strong></span> <span class='ocrx_word' id='word_1_196' title='bbox 1038 3042 1146 3108; x_wconf 91' lang='lat' dir='ltr'><strong>ubi</strong></span> <span class='ocrx_word' id='word_1_197' title='bbox 1191 3042 1425 3122; x_wconf 87' lang='lat' dir='ltr'><strong>aliquis</strong></span> <span class='ocrx_word' id='word_1_198' title='bbox 1468 3042 1693 3107; x_wconf 85' lang='lat' dir='ltr'><strong>falsum</strong></span> <span class='ocrx_word' id='word_1_199' title='bbox 1728 3042 2157 3107; x_wconf 89' lang='lat' dir='ltr'><strong>testimonium</strong></span> <span class='ocrx_word' id='word_1_200' title='bbox 2204 3061 2281 3105; x_wconf 88' lang='lat' dir='ltr'><strong>ex</strong></span> <span class='ocrx_word' id='word_1_201' title='bbox 2315 3042 2611 3105; x_wconf 89' lang='lat' dir='ltr'><strong>mercede</strong></span> <span class='ocrx_word' id='word_1_202' title='bbox 2650 3047 2831 3107; x_wconf 89' lang='lat' dir='ltr'><strong>certa</strong></span> 
     </span>
     <span class='ocr_line' id='line_1_27' title="bbox 461 3120 2829 3211; baseline 0 -16"><span class='ocrx_word' id='word_1_203' title='bbox 461 3132 558 3197; x_wconf 83' lang='lat' dir='ltr'><strong>vel</strong></span> <span class='ocrx_word' id='word_1_204' title='bbox 630 3130 756 3194; x_wconf 89' lang='lat' dir='ltr'><strong>alia</strong></span> <span class='ocrx_word' id='word_1_205' title='bbox 822 3129 1010 3195; x_wconf 89' lang='lat' dir='ltr'><strong>simili</strong></span> <span class='ocrx_word' id='word_1_206' title='bbox 1058 3149 1254 3195; x_wconf 89' lang='lat' dir='ltr'><strong>causa</strong></span> <span class='ocrx_word' id='word_1_207' title='bbox 1320 3130 1492 3211; x_wconf 91' lang='lat' dir='ltr'><strong>dicit,</strong></span> <span class='ocrx_word' id='word_1_208' title='bbox 1564 3136 1630 3196; x_wconf 90' lang='lat' dir='ltr'><strong>et</strong></span> <span class='ocrx_word' id='word_1_209' title='bbox 1696 3130 1758 3194; x_wconf 90' lang='lat' dir='ltr'><strong>in</strong></span> <span class='ocrx_word' id='word_1_210' title='bbox 1810 3149 1886 3195; x_wconf 91' lang='lat' dir='ltr'><strong>eo</strong></span> <span class='ocrx_word' id='word_1_211' title='bbox 1934 3130 2276 3194; x_wconf 89' lang='lat' dir='ltr'><strong>veritatem</strong></span> <span class='ocrx_word' id='word_1_212' title='bbox 2334 3128 2547 3194; x_wconf 85' lang='lat' dir='ltr'><strong>caelat</strong></span> <span class='ocrx_word' id='word_1_213' title='bbox 2602 3120 2719 3209; x_wconf 87' lang='lat'><strong>(0.</strong></span> <span class='ocrx_word' id='word_1_214' title='bbox 2768 3132 2829 3196; x_wconf 90' lang='lat'><strong>5.</strong></span> 
     </span>
     <span class='ocr_line' id='line_1_28' title="bbox 456 3208 2830 3299; baseline -0.001 -14"><span class='ocrx_word' id='word_1_215' title='bbox 456 3220 629 3286; x_wconf 70' lang='lat' dir='ltr'><strong>Diat.</strong></span> <span class='ocrx_word' id='word_1_216' title='bbox 681 3218 739 3284; x_wconf 88' lang='lat'><strong>2.</strong></span> <span class='ocrx_word' id='word_1_217' title='bbox 739 3208 804 3299; x_wconf 91' lang='lat'><strong>).</strong></span> <span class='ocrx_word' id='word_1_218' title='bbox 855 3218 1169 3296; x_wconf 87' lang='lat' dir='ltr'><strong>Secundo,</strong></span> <span class='ocrx_word' id='word_1_219' title='bbox 1228 3218 1281 3283; x_wconf 91' lang='lat' dir='ltr'><strong>si</strong></span> <span class='ocrx_word' id='word_1_220' title='bbox 1328 3218 1469 3299; x_wconf 89' lang='lat' dir='ltr'><strong>quis</strong></span> <span class='ocrx_word' id='word_1_221' title='bbox 1528 3220 1592 3283; x_wconf 90' lang='lat' dir='ltr'><strong>in</strong></span> <span class='ocrx_word' id='word_1_222' title='bbox 1657 3217 2084 3297; x_wconf 79' lang='lat' dir='ltr'><strong>testamentiS,</strong></span> <span class='ocrx_word' id='word_1_223' title='bbox 2155 3218 2393 3283; x_wconf 89' lang='lat' dir='ltr'><strong>tabulis</strong></span> <span class='ocrx_word' id='word_1_224' title='bbox 2454 3220 2522 3281; x_wconf 89' lang='lat' dir='ltr'><strong>et</strong></span> <span class='ocrx_word' id='word_1_225' title='bbox 2594 3217 2830 3282; x_wconf 89' lang='lat' dir='ltr'><strong>iustru-</strong></span> 
     </span>
     <span class='ocr_line' id='line_1_29' title="bbox 456 3304 2831 3393; baseline -0.002 -20"><span class='ocrx_word' id='word_1_226' title='bbox 456 3308 688 3393; x_wconf 69' lang='lat' dir='ltr'><strong>ineptis</strong></span> <span class='ocrx_word' id='word_1_227' title='bbox 756 3306 1026 3388; x_wconf 88' lang='lat' dir='ltr'><strong>publicis</strong></span> <span class='ocrx_word' id='word_1_228' title='bbox 1094 3305 1195 3372; x_wconf 88' lang='lat' dir='ltr'><strong>vel</strong></span> <span class='ocrx_word' id='word_1_229' title='bbox 1264 3307 1456 3372; x_wconf 91' lang='lat' dir='ltr'><strong>etiam</strong></span> <span class='ocrx_word' id='word_1_230' title='bbox 1525 3306 1795 3387; x_wconf 86' lang='lat' dir='ltr'><strong>privatis</strong></span> <span class='ocrx_word' id='word_1_231' title='bbox 1866 3305 2081 3385; x_wconf 87' lang='lat' dir='ltr'><strong>aliqua</strong></span> <span class='ocrx_word' id='word_1_232' title='bbox 2150 3312 2374 3371; x_wconf 89' lang='lat' dir='ltr'><strong>contra</strong></span> <span class='ocrx_word' id='word_1_233' title='bbox 2442 3304 2831 3372; x_wconf 89' lang='lat' dir='ltr'><strong>voluntatem</strong></span> 
     </span>
     <span class='ocr_line' id='line_1_30' title="bbox 459 3392 2835 3477; baseline -0.002 -16"><span class='ocrx_word' id='word_1_234' title='bbox 459 3395 926 3477; x_wconf 86' lang='lat' dir='ltr'><strong>principalium,</strong></span> <span class='ocrx_word' id='word_1_235' title='bbox 981 3412 1246 3475; x_wconf 88' lang='lat' dir='ltr'><strong>quorum</strong></span> <span class='ocrx_word' id='word_1_236' title='bbox 1295 3395 1569 3459; x_wconf 88' lang='lat' dir='ltr'><strong>interest</strong></span> <span class='ocrx_word' id='word_1_237' title='bbox 1615 3394 1869 3461; x_wconf 84' lang='lat' dir='ltr'><strong>tabulas</strong></span> <span class='ocrx_word' id='word_1_238' title='bbox 1931 3395 2219 3475; x_wconf 86' lang='lat' dir='ltr'><strong>integras</strong></span> <span class='ocrx_word' id='word_1_239' title='bbox 2267 3392 2366 3458; x_wconf 91' lang='lat' dir='ltr'><strong>vel</strong></span> <span class='ocrx_word' id='word_1_240' title='bbox 2410 3393 2835 3458; x_wconf 86' lang='lat' dir='ltr'><strong>instrumenta</strong></span> 
     </span>
     <span class='ocr_line' id='line_1_31' title="bbox 455 3470 2824 3564; baseline -0.001 -15"><span class='ocrx_word' id='word_1_241' title='bbox 455 3485 716 3558; x_wconf 83' lang='lat' dir='ltr'><strong>habere,</strong></span> <span class='ocrx_word' id='word_1_242' title='bbox 764 3482 999 3561; x_wconf 87' lang='lat' dir='ltr'><strong>deleat,</strong></span> <span class='ocrx_word' id='word_1_243' title='bbox 1030 3483 1325 3549; x_wconf 90' lang='lat' dir='ltr'><strong>immutet</strong></span> <span class='ocrx_word' id='word_1_244' title='bbox 1356 3482 1452 3547; x_wconf 82' lang='lat' dir='ltr'><strong>vel</strong></span> <span class='ocrx_word' id='word_1_245' title='bbox 1497 3482 1723 3564; x_wconf 86' lang='lat' dir='ltr'><strong>sigillis</strong></span> <span class='ocrx_word' id='word_1_246' title='bbox 1767 3482 1942 3548; x_wconf 85' lang='lat' dir='ltr'><strong>salsis</strong></span> <span class='ocrx_word' id='word_1_247' title='bbox 1974 3483 2216 3547; x_wconf 87' lang='lat' dir='ltr'><strong>muniat</strong></span> <span class='ocrx_word' id='word_1_248' title='bbox 2245 3470 2359 3557; x_wconf 91' lang='lat' dir='ltr'><strong>(O.</strong></span> <span class='ocrx_word' id='word_1_249' title='bbox 2396 3482 2455 3547; x_wconf 88' lang='lat'><strong>5.</strong></span> <span class='ocrx_word' id='word_1_250' title='bbox 2492 3480 2666 3545; x_wconf 70' lang='lat' dir='ltr'><strong>Diet.</strong></span> <span class='ocrx_word' id='word_1_251' title='bbox 2703 3481 2761 3547; x_wconf 83' lang='lat'><strong>3.</strong></span> <span class='ocrx_word' id='word_1_252' title='bbox 2768 3474 2824 3561; x_wconf 91' lang='lat'><strong>).</strong></span> 
     </span>
     <span class='ocr_line' id='line_1_32' title="bbox 458 3569 2832 3652; baseline -0.001 -14"><span class='ocrx_word' id='word_1_253' title='bbox 458 3572 698 3650; x_wconf 79' lang='lat' dir='ltr'><strong>Tertia,</strong></span> <span class='ocrx_word' id='word_1_254' title='bbox 749 3570 801 3635; x_wconf 85' lang='lat' dir='ltr'><strong>si</strong></span> <span class='ocrx_word' id='word_1_255' title='bbox 847 3572 988 3650; x_wconf 87' lang='lat' dir='ltr'><strong>quis</strong></span> <span class='ocrx_word' id='word_1_256' title='bbox 1019 3571 1337 3652; x_wconf 87' lang='lat' dir='ltr'><strong>publicam</strong></span> <span class='ocrx_word' id='word_1_257' title='bbox 1369 3576 1691 3636; x_wconf 88' lang='lat' dir='ltr'><strong>monetam</strong></span> <span class='ocrx_word' id='word_1_258' title='bbox 1725 3572 1932 3652; x_wconf 88' lang='lat' dir='ltr'><strong>radat,</strong></span> <span class='ocrx_word' id='word_1_259' title='bbox 1983 3571 2210 3650; x_wconf 88' lang='lat' dir='ltr'><strong>tingat,</strong></span> <span class='ocrx_word' id='word_1_260' title='bbox 2244 3569 2463 3651; x_wconf 85' lang='lat' dir='ltr'><strong>fingat,</strong></span> <span class='ocrx_word' id='word_1_261' title='bbox 2500 3586 2832 3635; x_wconf 89' lang='lat' dir='ltr'><strong>mensuras</strong></span> 
     </span>
     <span class='ocr_line' id='line_1_33' title="bbox 455 3657 2832 3742; baseline -0.002 -17"><span class='ocrx_word' id='word_1_262' title='bbox 455 3659 746 3742; x_wconf 86' lang='lat' dir='ltr'><strong>publicas</strong></span> <span class='ocrx_word' id='word_1_263' title='bbox 831 3659 1163 3725; x_wconf 90' lang='lat' dir='ltr'><strong>vendendo</strong></span> <span class='ocrx_word' id='word_1_264' title='bbox 1225 3663 1292 3723; x_wconf 93' lang='lat' dir='ltr'><strong>et</strong></span> <span class='ocrx_word' id='word_1_265' title='bbox 1353 3659 1640 3737; x_wconf 87' lang='lat' dir='ltr'><strong>emendo,</strong></span> <span class='ocrx_word' id='word_1_266' title='bbox 1708 3675 1831 3723; x_wconf 92' lang='lat' dir='ltr'><strong>non</strong></span> <span class='ocrx_word' id='word_1_267' title='bbox 1903 3658 2211 3740; x_wconf 89' lang='lat' dir='ltr'><strong>probatas</strong></span> <span class='ocrx_word' id='word_1_268' title='bbox 2280 3658 2516 3723; x_wconf 90' lang='lat' dir='ltr'><strong>habeat</strong></span> <span class='ocrx_word' id='word_1_269' title='bbox 2581 3657 2832 3737; x_wconf 86' lang='lat' dir='ltr'><strong>illisque</strong></span> 
     </span>
     <span class='ocr_line' id='line_1_34' title="bbox 457 3710 2829 3827; baseline -0.001 -14"><span class='ocrx_word' id='word_1_270' title='bbox 457 3754 674 3813; x_wconf 90' lang='lat' dir='ltr'><strong>utatur</strong></span> <span class='ocrx_word' id='word_1_271' title='bbox 719 3710 836 3811; x_wconf 57' lang='lat' dir='ltr'><strong>fO.</strong></span> <span class='ocrx_word' id='word_1_272' title='bbox 884 3747 942 3813; x_wconf 95' lang='lat'><strong>5.</strong></span> <span class='ocrx_word' id='word_1_273' title='bbox 993 3746 1165 3813; x_wconf 69' lang='lat' dir='ltr'><strong>Dist.</strong></span> <span class='ocrx_word' id='word_1_274' title='bbox 1217 3738 1334 3827; x_wconf 78' lang='grc'><strong><em>4.).</em></strong></span> <span class='ocrx_word' id='word_1_275' title='bbox 1403 3746 1666 3826; x_wconf 80' lang='lat' dir='ltr'><strong>Quart0,</strong></span> <span class='ocrx_word' id='word_1_276' title='bbox 1730 3748 1786 3810; x_wconf 88' lang='lat' dir='ltr'><strong>si</strong></span> <span class='ocrx_word' id='word_1_277' title='bbox 1846 3749 1986 3827; x_wconf 85' lang='lat' dir='ltr'><strong>quis</strong></span> <span class='ocrx_word' id='word_1_278' title='bbox 2044 3745 2221 3811; x_wconf 86' lang='lat' dir='ltr'><strong>falsis</strong></span> <span class='ocrx_word' id='word_1_279' title='bbox 2274 3747 2713 3811; x_wconf 85' lang='lat' dir='ltr'><strong>instrumentis</strong></span> <span class='ocrx_word' id='word_1_280' title='bbox 2763 3753 2829 3811; x_wconf 87' lang='lat' dir='ltr'><strong>et</strong></span> 
     </span>
     <span class='ocr_line' id='line_1_35' title="bbox 453 3833 2830 3915; baseline -0.002 -13"><span class='ocrx_word' id='word_1_281' title='bbox 453 3836 726 3902; x_wconf 87' lang='lat' dir='ltr'><strong>nummis</strong></span> <span class='ocrx_word' id='word_1_282' title='bbox 772 3836 979 3901; x_wconf 88' lang='lat' dir='ltr'><strong>sciens</strong></span> <span class='ocrx_word' id='word_1_283' title='bbox 1026 3836 1230 3899; x_wconf 90' lang='lat' dir='ltr'><strong>utitur</strong></span> <span class='ocrx_word' id='word_1_284' title='bbox 1274 3841 1341 3900; x_wconf 92' lang='lat' dir='ltr'><strong>et</strong></span> <span class='ocrx_word' id='word_1_285' title='bbox 1385 3837 1743 3915; x_wconf 63' lang='lat' dir='ltr'><strong>mercatum</strong></span> <span class='ocrx_word' id='word_1_286' title='bbox 1816 3836 1988 3915; x_wconf 91' lang='lat' dir='ltr'><strong>item,</strong></span> <span class='ocrx_word' id='word_1_287' title='bbox 2038 3835 2093 3899; x_wconf 85' lang='lat' dir='ltr'><strong>si</strong></span> <span class='ocrx_word' id='word_1_288' title='bbox 2140 3834 2282 3915; x_wconf 84' lang='lat' dir='ltr'><strong>quis</strong></span> <span class='ocrx_word' id='word_1_289' title='bbox 2328 3852 2398 3899; x_wconf 85' lang='lat' dir='ltr'><strong>se</strong></span> <span class='ocrx_word' id='word_1_290' title='bbox 2444 3852 2563 3914; x_wconf 90' lang='lat' dir='ltr'><strong>pro</strong></span> <span class='ocrx_word' id='word_1_291' title='bbox 2610 3833 2830 3915; x_wconf 90' lang='lat' dir='ltr'><strong>milite,</strong></span> 
     </span>
     <span class='ocr_line' id='line_1_36' title="bbox 457 3922 2830 4005; baseline -0.002 -15"><span class='ocrx_word' id='word_1_292' title='bbox 457 3926 720 3991; x_wconf 88' lang='lat' dir='ltr'><strong>doctore</strong></span> <span class='ocrx_word' id='word_1_293' title='bbox 769 3924 870 3989; x_wconf 88' lang='lat' dir='ltr'><strong>vel</strong></span> <span class='ocrx_word' id='word_1_294' title='bbox 913 3922 1110 3989; x_wconf 90' lang='lat' dir='ltr'><strong>nobili</strong></span> <span class='ocrx_word' id='word_1_295' title='bbox 1156 3930 1362 4005; x_wconf 83' lang='lat' dir='ltr'><strong>gerat,</strong></span> <span class='ocrx_word' id='word_1_296' title='bbox 1409 3922 1569 3987; x_wconf 85' lang='lat' dir='ltr'><strong>falso</strong></span> <span class='ocrx_word' id='word_1_297' title='bbox 1617 3922 1964 4004; x_wconf 87' lang='lat' dir='ltr'><strong>diplomate</strong></span> <span class='ocrx_word' id='word_1_298' title='bbox 2012 3927 2252 4002; x_wconf 84' lang='lat' dir='ltr'><strong>utatur,</strong></span> <span class='ocrx_word' id='word_1_299' title='bbox 2301 3941 2425 4002; x_wconf 88' lang='lat' dir='ltr'><strong>quo</strong></span> <span class='ocrx_word' id='word_1_300' title='bbox 2471 3925 2610 3986; x_wconf 89' lang='lat' dir='ltr'><strong>tuto</strong></span> <span class='ocrx_word' id='word_1_301' title='bbox 2660 3940 2830 3988; x_wconf 90' lang='lat' dir='ltr'><strong>com·</strong></span> 
     </span>
     <span class='ocr_line' id='line_1_37' title="bbox 457 4009 2827 4092; baseline -0.001 -14"><span class='ocrx_word' id='word_1_302' title='bbox 457 4030 674 4078; x_wconf 88' lang='lat' dir='ltr'><strong>meare</strong></span> <span class='ocrx_word' id='word_1_303' title='bbox 728 4013 940 4091; x_wconf 87' lang='lat' dir='ltr'><strong>aliquo</strong></span> <span class='ocrx_word' id='word_1_304' title='bbox 986 4014 1208 4092; x_wconf 85' lang='lat' dir='ltr'><strong>possit,</strong></span> <span class='ocrx_word' id='word_1_305' title='bbox 1269 4011 1367 4077; x_wconf 86' lang='lat' dir='ltr'><strong>vel</strong></span> <span class='ocrx_word' id='word_1_306' title='bbox 1415 4012 1522 4090; x_wconf 87' lang='lat' dir='ltr'><strong>qui</strong></span> <span class='ocrx_word' id='word_1_307' title='bbox 1579 4028 1762 4078; x_wconf 91' lang='lat' dir='ltr'><strong>suum</strong></span> <span class='ocrx_word' id='word_1_308' title='bbox 1806 4030 2038 4078; x_wconf 88' lang='lat' dir='ltr'><strong>nomen</strong></span> <span class='ocrx_word' id='word_1_309' title='bbox 2101 4012 2163 4076; x_wconf 92' lang='lat' dir='ltr'><strong>in</strong></span> <span class='ocrx_word' id='word_1_310' title='bbox 2212 4011 2478 4076; x_wconf 88' lang='lat' dir='ltr'><strong>alterius</strong></span> <span class='ocrx_word' id='word_1_311' title='bbox 2535 4009 2827 4075; x_wconf 87' lang='lat' dir='ltr'><strong>fraudem</strong></span> 
     </span>
     <span class='ocr_line' id='line_1_38' title="bbox 457 4088 1308 4180; baseline -0.001 -14"><span class='ocrx_word' id='word_1_312' title='bbox 457 4105 664 4166; x_wconf 75' lang='lat' dir='ltr'><strong>mutat</strong></span> <span class='ocrx_word' id='word_1_313' title='bbox 707 4088 820 4178; x_wconf 86' lang='lat'><strong>(0.</strong></span> <span class='ocrx_word' id='word_1_314' title='bbox 872 4102 932 4167; x_wconf 85' lang='lat'><strong>5.</strong></span> <span class='ocrx_word' id='word_1_315' title='bbox 984 4098 1152 4164; x_wconf 59' lang='grc' dir='ltr'><strong><em>Βία.</em></strong></span> <span class='ocrx_word' id='word_1_316' title='bbox 1205 4089 1308 4180; x_wconf 90' lang='lat'><strong>5.)</strong></span> 
     </span>
    </p>

    <p class='ocr_par' dir='ltr' id='par_1_9' title="bbox 453 4186 2833 4533">
     <span class='ocr_line' id='line_1_39' title="bbox 651 4186 2831 4267; baseline -0 -14"><span class='ocrx_word' id='word_1_317' title='bbox 651 4189 869 4254; x_wconf 88' lang='lat' dir='ltr'><strong>Poena</strong></span> <span class='ocrx_word' id='word_1_318' title='bbox 937 4187 1181 4253; x_wconf 87' lang='lat' dir='ltr'><strong>falsarii</strong></span> <span class='ocrx_word' id='word_1_319' title='bbox 1249 4186 1434 4252; x_wconf 88' lang='lat' dir='ltr'><strong>testis</strong></span> <span class='ocrx_word' id='word_1_320' title='bbox 1505 4192 1604 4251; x_wconf 85' lang='lat' dir='ltr'><strong>est</strong></span> <span class='ocrx_word' id='word_1_321' title='bbox 1660 4186 1921 4267; x_wconf 87' lang='lat' dir='ltr'><strong>linguae</strong></span> <span class='ocrx_word' id='word_1_322' title='bbox 1986 4204 2109 4267; x_wconf 88' lang='lat' dir='ltr'><strong>per</strong></span> <span class='ocrx_word' id='word_1_323' title='bbox 2153 4188 2470 4252; x_wconf 88' lang='lat' dir='ltr'><strong>cervicem</strong></span> <span class='ocrx_word' id='word_1_324' title='bbox 2516 4186 2831 4252; x_wconf 87' lang='lat' dir='ltr'><strong>extractio</strong></span> 
     </span>
     <span class='ocr_line' id='line_1_40' title="bbox 454 4265 2829 4359; baseline -0.002 -16"><span class='ocrx_word' id='word_1_325' title='bbox 454 4268 570 4359; x_wconf 88' lang='lat' dir='ltr'><strong>(B.</strong></span> <span class='ocrx_word' id='word_1_326' title='bbox 611 4278 715 4343; x_wconf 90' lang='lat'><strong>75.</strong></span> <span class='ocrx_word' id='word_1_327' title='bbox 748 4276 797 4344; x_wconf 94' lang='grc' dir='ltr'><strong><em>Ι.</em></strong></span> <span class='ocrx_word' id='word_1_328' title='bbox 833 4276 940 4341; x_wconf 83' lang='lat'><strong>39.</strong></span> <span class='ocrx_word' id='word_1_329' title='bbox 940 4265 1000 4356; x_wconf 91' lang='lat'><strong>).</strong></span> <span class='ocrx_word' id='word_1_330' title='bbox 1059 4275 1181 4355; x_wconf 85' lang='lat' dir='ltr'><strong>Qui</strong></span> <span class='ocrx_word' id='word_1_331' title='bbox 1211 4275 1634 4341; x_wconf 90' lang='lat' dir='ltr'><strong>instrumento</strong></span> <span class='ocrx_word' id='word_1_332' title='bbox 1679 4293 1801 4355; x_wconf 94' lang='lat' dir='ltr'><strong>per</strong></span> <span class='ocrx_word' id='word_1_333' title='bbox 1831 4275 2210 4340; x_wconf 90' lang='lat' dir='ltr'><strong>solutionem</strong></span> <span class='ocrx_word' id='word_1_334' title='bbox 2260 4274 2585 4339; x_wconf 85' lang='lat' dir='ltr'><strong>annullato</strong></span> <span class='ocrx_word' id='word_1_335' title='bbox 2620 4275 2829 4351; x_wconf 85' lang='lat' dir='ltr'><strong>alicui,</strong></span> 
     </span>
     <span class='ocr_line' id='line_1_41' title="bbox 456 4362 2833 4447; baseline -0.002 -16"><span class='ocrx_word' id='word_1_336' title='bbox 456 4367 610 4431; x_wconf 84' lang='lat' dir='ltr'><strong>data</strong></span> <span class='ocrx_word' id='word_1_337' title='bbox 668 4383 888 4447; x_wconf 90' lang='lat' dir='ltr'><strong>opera,</strong></span> <span class='ocrx_word' id='word_1_338' title='bbox 949 4366 1283 4444; x_wconf 86' lang='lat' dir='ltr'><strong>negocium</strong></span> <span class='ocrx_word' id='word_1_339' title='bbox 1340 4362 1695 4441; x_wconf 86' lang='lat' dir='ltr'><strong>facesserit,</strong></span> <span class='ocrx_word' id='word_1_340' title='bbox 1767 4364 1858 4428; x_wconf 89' lang='lat' dir='ltr'><strong>uti</strong></span> <span class='ocrx_word' id='word_1_341' title='bbox 1926 4362 2277 4445; x_wconf 88' lang='lat' dir='ltr'><strong>perduellis</strong></span> <span class='ocrx_word' id='word_1_342' title='bbox 2334 4364 2702 4441; x_wconf 89' lang='lat' dir='ltr'><strong>mulctatur,</strong></span> <span class='ocrx_word' id='word_1_343' title='bbox 2766 4370 2833 4427; x_wconf 86' lang='lat' dir='ltr'><strong>et</strong></span> 
     </span>
     <span class='ocr_line' id='line_1_42' title="bbox 453 4450 2828 4533; baseline -0.002 -14"><span class='ocrx_word' id='word_1_344' title='bbox 453 4473 579 4519; x_wconf 91' lang='lat' dir='ltr'><strong>non</strong></span> <span class='ocrx_word' id='word_1_345' title='bbox 626 4460 874 4518; x_wconf 89' lang='lat' dir='ltr'><strong>tantum</strong></span> <span class='ocrx_word' id='word_1_346' title='bbox 920 4451 1174 4516; x_wconf 86' lang='lat' dir='ltr'><strong>infamis</strong></span> <span class='ocrx_word' id='word_1_347' title='bbox 1228 4450 1524 4530; x_wconf 88' lang='lat' dir='ltr'><strong>efficitur,</strong></span> <span class='ocrx_word' id='word_1_348' title='bbox 1587 4451 1705 4516; x_wconf 89' lang='lat' dir='ltr'><strong>sed</strong></span> <span class='ocrx_word' id='word_1_349' title='bbox 1760 4454 1953 4517; x_wconf 89' lang='lat' dir='ltr'><strong>etiam</strong></span> <span class='ocrx_word' id='word_1_350' title='bbox 2008 4453 2177 4518; x_wconf 92' lang='lat' dir='ltr'><strong>bona</strong></span> <span class='ocrx_word' id='word_1_351' title='bbox 2222 4452 2420 4533; x_wconf 84' lang='lat' dir='ltr'><strong>ipsius</strong></span> <span class='ocrx_word' id='word_1_352' title='bbox 2474 4450 2665 4516; x_wconf 89' lang='lat' dir='ltr'><strong>fiscus</strong></span> <span class='ocrx_word' id='word_1_353' title='bbox 2720 4450 2828 4516; x_wconf 85' lang='lat' dir='ltr'><strong>fibi</strong></span> 
     </span>
    </p>
   </div>
   <div class='ocr_carea' id='block_1_7' title="bbox 451 4530 1767 4623">
    <p class='ocr_par' dir='ltr' id='par_1_10' title="bbox 451 4530 1767 4623">
     <span class='ocr_line' id='line_1_43' title="bbox 451 4530 1767 4623; baseline -0.001 -18"><span class='ocrx_word' id='word_1_354' title='bbox 451 4541 752 4608; x_wconf 85' lang='lat' dir='ltr'><strong>vendicat</strong></span> <span class='ocrx_word' id='word_1_355' title='bbox 797 4532 911 4623; x_wconf 88' lang='lat'><strong>(0.</strong></span> <span class='ocrx_word' id='word_1_356' title='bbox 963 4542 1022 4605; x_wconf 85' lang='lat'><strong>6.</strong></span> <span class='ocrx_word' id='word_1_357' title='bbox 1073 4540 1199 4605; x_wconf 72' lang='lat' dir='ltr'><strong>Jua</strong></span> <span class='ocrx_word' id='word_1_358' title='bbox 1245 4540 1438 4605; x_wconf 70' lang='grc' dir='ltr'><strong><em>Ρνου.</em></strong></span> <span class='ocrx_word' id='word_1_359' title='bbox 1496 4541 1566 4606; x_wconf 90' lang='lat'><strong>0.</strong></span> <span class='ocrx_word' id='word_1_360' title='bbox 1616 4530 1767 4621; x_wconf 85' lang='lat'><strong><em>32.)</em></strong></span> 
     </span>
    </p>
   </div>
  </div>
 </body>
</html>
