3350 5050
1433 529 1510 581 lle
1545 527 1838 584 maleficiis,
2746 536 2831 604 69

1323 762 1447 832 De
1498 760 1569 832 vi
1606 759 1917 856 publica.

645 932 759 998 Vis
805 931 1090 1012 publica,
1158 949 1350 1011 quarn
1406 948 1522 995 nos
1572 929 1826 1010 vulgari
1871 947 2167 996 sermone
2214 946 2367 998 moe
2414 934 2831 1014 appellamuS,

454 1019 706 1102 dicitur,
755 1019 1011 1100 quando
1062 1038 1207 1086 cum
1271 1019 1466 1085 armis
1513 1017 1819 1084 violentia
1880 1019 2317 1086 committitur.
2376 1020 2535 1102 Ejus
2581 1021 2829 1103 species

450 1109 622 1188 apud
670 1126 786 1175 nos
833 1107 1072 1174 multae
1119 1113 1294 1173 sunt:

645 1197 883 1279 Prima,
931 1197 985 1262 si
1033 1196 1174 1277 quis
1219 1197 1284 1261 in
1331 1195 1452 1261 hoc
1497 1194 1733 1277 inclyto
1779 1213 1979 1274 regno
2025 1214 2218 1261 manu
2264 1201 2518 1262 armata
2564 1196 2830 1280 alicujus

449 1287 636 1366 bona,
667 1303 872 1366 arces,
923 1285 1179 1368 oppida,
1227 1283 1474 1363 fundOS,
1511 1288 1753 1362 vineas,
1801 1283 2039 1363 hortos
2086 1282 2345 1348 feudum
2392 1289 2461 1350 et
2500 1286 2627 1351 alia
2661 1288 2831 1354 bona

450 1372 796 1454 allodialia,
868 1374 1226 1455 ingreditur
1285 1379 1354 1437 et
1410 1391 1536 1437 non
1600 1372 1749 1453 jure
1806 1371 2095 1453 possidet
2160 1365 2201 1454 (
2198 1371 2284 1437 N.
2334 1373 2398 1438 3.
2458 1375 2584 1439 Jua
2630 1377 2827 1440 Prov.

449 1461 524 1532 L,
560 1461 647 1542 3.,
681 1465 766 1544 4.,
799 1465 885 1547 5.,
922 1463 1028 1527 11.
1031 1459 1090 1541 ).
1137 1461 1344 1541 Quum
1385 1461 1622 1525 nemini
1668 1460 1867 1526 liceat
1911 1478 2092 1525 arma
2122 1478 2376 1526 sumere
2413 1463 2537 1527 nisi
2582 1463 2829 1545 legibus

454 1550 1072 1631 administrantibuS,
1120 1555 1232 1614 aut
1262 1549 1344 1612 ad
1393 1549 1491 1613 sui
1532 1547 1993 1628 defensionem,
2027 1548 2173 1614 ideo
2206 1550 2314 1629 qui
2360 1569 2541 1614 arma
2572 1558 2833 1618 sumunt

455 1638 538 1702 ad
584 1639 1010 1704 invadendum
1061 1638 1219 1702 alios
1265 1637 1364 1702 vel
1413 1637 1686 1703 aliorum
1730 1639 1920 1716 bona,
1976 1655 2103 1702 non
2150 1637 2338 1702 modo
2392 1638 2519 1703 illis
2563 1639 2625 1704 in
2673 1657 2832 1720 quos

459 1745 536 1790 ea
559 1727 900 1807 stringunt,
927 1745 1146 1792 verum
1179 1729 1247 1790 et
1268 1725 1685 1806 reipublicae,
1710 1724 1888 1804 cujus
1912 1725 2183 1791 interest
2214 1743 2395 1791 arma
2417 1745 2543 1791 non
2568 1731 2831 1810 moveri,

447 1813 572 1878 vim
618 1812 858 1881 inferre
904 1815 1224 1880 dicuntur.

649 1902 839 1968 Tales
873 1901 1214 1968 violatores
1253 1901 1418 1981 juris
1449 1901 1839 1966 mulctantur
1874 1898 2106 1980 famae,
2156 1899 2385 1982 capitis
2417 1907 2485 1968 et
2515 1903 2825 1970 bonorum

457 1990 819 2071 amissione,
869 2008 1034 2070 quae
1079 1991 1262 2070 regio
1308 1989 1462 2054 fisco
1511 1988 1921 2070 applicantur
1964 1977 2091 2068 (N.
2125 1988 2186 2056 3.
2225 1991 2353 2055 Jua
2383 1991 2575 2057 Prov.
2612 1991 2693 2056 L.
2725 1985 2829 2076 5.)

651 2079 750 2143 De
808 2079 970 2145 Jure
1017 2079 1348 2143 Communi
1415 2095 1622 2158 poena
1685 2080 1786 2141 est
1830 2077 2217 2157 deportatio,
2286 2078 2339 2143 si
2397 2085 2497 2144 est
2553 2098 2831 2160 persona

455 2163 693 2245 libera;
740 2167 795 2231 si
840 2185 995 2232 vero
1042 2183 1250 2246 serva,
1301 2166 1626 2232 damnatio
1673 2165 1739 2231 in
1782 2163 2145 2245 metallum;
2204 2165 2398 2246 idque
2442 2168 2495 2232 si
2543 2173 2718 2232 metu
2764 2175 2833 2234 et

456 2253 901 2321 exhortatione
963 2253 1199 2319 domini
1257 2255 1384 2319 vim
1429 2253 1749 2334 publicam
1816 2253 2226 2320 commiserit.
2285 2254 2452 2319 Nam
2512 2256 2567 2320 si
2626 2255 2826 2323 inscio

457 2339 710 2406 domino
759 2342 1037 2408 criminis
1081 2360 1235 2407 reus
1280 2347 1381 2407 est
1423 2342 1652 2420 factuS,
1701 2341 1920 2407 ultimo
1966 2341 2277 2421 supplicio
2324 2341 2617 2410 afficitur.

657 2429 954 2496 Secunda
996 2430 1262 2512 species,
1312 2448 1477 2510 quae
1511 2429 1701 2511 vulgo
1748 2429 1998 2502 trualt,
2056 2430 2392 2511 menbog,
2436 2431 2658 2496 auto!
2702 2432 2829 2499 dici

454 2521 686 2599 potest,
719 2525 836 2599 est,
872 2519 1124 2600 quando
1152 2518 1294 2599 quis
1323 2538 1467 2585 curn
1499 2517 1627 2584 telo
1655 2521 1721 2584 in
1754 2519 1953 2585 aedes
1985 2517 2252 2599 alicujus
2282 2519 2489 2600 irruit,
2521 2520 2825 2601 impetum

453 2606 626 2683 facit,
676 2613 962 2673 armatus
1011 2607 1287 2687 aliquem
1345 2608 1723 2687 insequitur,
1785 2606 1957 2674 fores
2018 2606 2319 2688 effringit,
2374 2608 2653 2687 aliquem
2698 2609 2827 2675 illic

456 2695 778 2775 verberat,
839 2696 1058 2774 laedit,
1123 2695 1436 2774 vulnerat,
1485 2695 1803 2774 interficit,
1865 2700 1932 2761 et
1995 2695 2197 2761 simile
2255 2696 2407 2775 quid
2469 2698 2826 2764 committit.

452 2782 626 2851 Talis
689 2801 829 2849 cum
886 2802 962 2849 eo
1023 2785 1130 2865 qui
1187 2783 1529 2850 auxiliatus
1587 2789 1705 2863 est,
1770 2784 2135 2865 capitaliter
2180 2782 2352 2864 apud
2406 2803 2521 2850 nos
2564 2785 2829 2866 punitur

452 2861 578 2948 (N.
628 2872 729 2938 11.
785 2879 843 2936 et
885 2872 971 2938 N.
1003 2863 1167 2954 12.).
1215 2872 1356 2937 Hac
1403 2877 1619 2936 tamen
1664 2889 1875 2953 poena
1922 2873 2240 2950 eximitur,
2284 2872 2390 2951 qui
2436 2890 2515 2937 ex
2552 2872 2828 2945 ,alterius

451 2956 636 3023 domo
701 2961 1037 3041 conjugem
1083 2961 1341 3042 liberoS,
1406 2959 1691 3039 clienteS,
1755 2959 2043 3040 famulos,
2090 2960 2441 3025 famulasve
2502 2968 2824 3042 repetens,

457 3047 728 3126 aliquem
781 3050 1324 3114 contradicentem
1381 3053 1494 3113 aut
1534 3049 1987 3128 impedientem
2046 3046 2135 3113 ibi
2202 3046 2462 3112 fortuito
2529 3049 2823 3129 laeserit;

446 3133 598 3200 licet
644 3154 760 3216 pro
808 3137 1253 3202 aestimatione
1301 3154 1598 3203 excessus
1644 3141 1944 3201 teneatur
1988 3128 2112 3207 (N.
2167 3126 2311 3215 13.)

647 3223 868 3288 Tertia
912 3226 1162 3306 species
1207 3226 1460 3290 videtur
1511 3242 1670 3303 esse,
1724 3242 1912 3303 quam
1975 3242 2092 3289 nos
2146 3216 2525 3307 mentrgni)
2578 3222 2823 3303 ffutef,

452 3322 545 3373 me
563 3318 599 3390 t)
616 3306 720 3395 tr}
737 3328 772 3375 n
791 3312 878 3391 oft
911 3313 1199 3394 dicimuS,
1235 3314 1486 3393 quando
1512 3314 1652 3393 quis
1677 3312 1851 3377 solus
1876 3311 1976 3377 vel
2002 3330 2142 3377 cum
2169 3312 2311 3378 aliis
2334 3314 2615 3392 gladium
2640 3332 2820 3377 suum

451 3400 661 3463 vibrat
721 3406 788 3465 et
848 3402 1100 3482 corpori
1147 3402 1415 3483 aliqu‘us
1476 3418 1711 3466 nocere
1759 3408 2049 3481 conatur,
2106 3402 2255 3467 licet
2298 3419 2423 3465 non
2468 3403 2829 3467 vulneravit

449 3478 573 3567 (N.
613 3489 712 3553 19.
765 3489 890 3554 Jus
921 3490 1113 3555 Prov.
1169 3492 1246 3557 L.
1271 3480 1421 3571 36.)
1439 3515 1466 3569 ,·
1510 3490 1664 3554 item
1713 3489 1768 3555 si
1814 3492 2177 3571 quempiam
2226 3489 2365 3570 quis
2412 3508 2575 3570 equo
2611 3489 2829 3570 dejicit

447 3566 573 3651 (N.
598 3576 708 3640 21.
739 3578 866 3641 Jua
896 3578 1091 3645 Prov.
1129 3579 1203 3644 L.
1232 3579 1339 3644 37.
1341 3572 1420 3659 );
1467 3578 1568 3642 vel
1599 3578 1887 3642 nuntium
1921 3578 2055 3643 sive
2088 3577 2492 3644 tabellarium
2524 3578 2822 3660 percutit,

450 3669 518 3728 et
562 3666 622 3730 ei
669 3665 889 3730 literas
936 3666 1147 3731 aufert
1189 3657 1232 3748 (
1229 3668 1316 3732 N.
1350 3668 1456 3732 22.
1501 3667 1626 3731 Jua
1658 3667 1855 3730 Prov.
1889 3667 1970 3731 L.
2000 3656 2148 3745 38.)
2195 3665 2578 3743 Hujusmodi
2621 3666 2824 3730 delin-

446 3759 716 3912 ‹(1uentes
762 3772 878 3835 pro
924 3757 1176 3923 ratissne
1218 3755 1840 3821 circumstantiarum
1888 3754 2157 3819 arbitrio
2200 3753 2433 3835 judicis
2470 3754 2825 3835 puniuntur

485 3841 570 3906 N.
607 3840 710 3907 25.
761 3840 936 3908 Diat.
987 3845 1042 3908 1.

643 3929 802 3995 Cum
869 3930 1142 3997 liberum
1213 3950 1442 4013 corpus
1509 3930 1747 3995 nullam
1816 3929 2088 4011 recipiat
2156 3928 2685 4010 aestimationem,
2756 3936 2824 3995 et

447 4016 819 4083 cicatricum
851 4038 930 4085 ac
953 4020 1430 4085 deformitatum
1465 4022 1565 4084 vix
1594 4018 1737 4085 fieri
1764 4018 1970 4099 possit
1998 4016 2317 4082 sufficiens
2352 4018 2821 4099 compensatio:

438 4104 690 4184 judices
733 4107 798 4170 in
846 4126 987 4171 eam
1035 4126 1254 4173 curam
1303 4113 1370 4172 et
1400 4108 1854 4188 cogitationem
1900 4105 2269 4171 incumbere
2310 4105 2529 4171 sedulo
2564 4108 2822 4186 debent,

447 4198 518 4256 ut
585 4193 746 4258 tales
813 4213 1110 4261 excessus
1180 4196 1393 4276 potius
1463 4194 1670 4260 amica
1738 4193 2191 4274 transactione,
2280 4211 2471 4273 quam
2535 4193 2823 4275 judiciali

445 4298 751 4363 processu
798 4283 1103 4349 tollantur
1147 4280 1182 4365 (
1189 4284 1256 4351 S.
1307 4274 1450 4365 14.)

647 4370 829 4448 Quod
878 4373 1018 4450 quis
1064 4375 1144 4440 ob
1194 4373 1464 4439 tutelam
1512 4373 1607 4437 sui
1656 4371 1945 4453 corporis
1989 4370 2235 4447 fecerit,
2304 4368 2366 4436 id
2406 4369 2555 4450 jure
2600 4371 2826 4437 fecisse

453 4458 875 4538 existimatur,
923 4466 992 4525 et
1042 4462 1188 4527 ideo
1236 4468 1419 4527 extra
1467 4480 1695 4525 noxam
1741 4460 2046 4539 habetur;
2110 4460 2219 4539 qui
2263 4460 2413 4524 dum
2461 4462 2586 4525 vim
2636 4464 2828 4538 atque

452 4546 749 4627 injuriam
815 4548 1077 4615 alterius
1125 4568 1164 4613 a
1223 4567 1293 4614 se
1341 4548 1745 4631 propulsam,
1804 4548 2080 4630 aliquem
2128 4545 2434 4612 interficit
2502 4539 2625 4627 (N.
2676 4536 2825 4629 44.)
