3350 5050
1559 533 1668 585 Tit
1706 532 1803 584 xl.
2480 592 2487 600 ,
2790 531 2875 600 25

679 671 821 736 Hoc
865 688 994 734 non
1034 670 1347 752 contingit
1391 671 1502 751 illi,
1552 672 1660 750 qui
1694 670 1968 735 alienum
2002 670 2265 736 fundum
2306 670 2515 734 sciens
2547 670 2869 751 possedit,

483 761 540 824 is
585 759 755 824 enim
785 777 929 823 cum
974 757 1171 823 fundo
1203 759 1398 824 etiam
1431 759 1696 838 fructus,
1742 758 1897 824 licet
1932 759 2060 824 sint
2104 760 2479 838 consumpti,
2527 758 2872 823 restituere

485 850 777 928 cogitur;
826 847 976 926 quia
1023 847 1234 911 malae
1278 847 1433 912 fidei
1479 865 1814 928 possessor
1860 866 2181 927 nunquam
2229 847 2635 929 praescribit,
2702 847 2871 910 Hinc

487 937 644 1000 illud
691 935 1002 1016 vulgare:
1051 935 1234 1012 Quod
1281 938 1364 1001 ab
1412 936 1593 1001 initio
1642 937 1951 1017 temporis
2012 954 2133 1000 non
2188 935 2467 1015 obstitit,
2528 936 2594 999 id
2656 938 2869 999 tractu

494 1025 800 1104 temporis
827 1041 970 1088 ,non
1019 1025 1413 1091 convalescit
1455 1013 1571 1102 (F.
1602 1024 1713 1103 26,
1762 1025 1835 1088 F.
1871 1024 1976 1089 27.
2030 1025 2113 1088 H.
2153 1015 2298 1104 16.)

679 1111 840 1176 Jure
889 1129 1153 1176 romano
1213 1130 1318 1178 res
1381 1113 1646 1178 mobiles
1708 1111 2002 1191 trienni0,
2061 1111 2415 1177 immobiles
2461 1110 2632 1174 inter
2680 1128 2867 1192 prae-

483 1207 700 1264 sentes
769 1194 1098 1276 (videlicet
1149 1200 1260 1279 qui
1323 1203 1386 1265 in
1455 1201 1683 1265 eadem
1738 1201 2069 1281 provincia
2142 1199 2529 1265 domicilium
2602 1191 2872 1277 habent)

485 1288 816 1367 decenni0,
861 1289 1035 1352 inter
1083 1289 1388 1354 absentes
1420 1306 1572 1354 vero
1607 1288 1897 1376 vicennio
1931 1289 2488 1370 usucapiebantur.
2536 1287 2723 1368 Apud
2756 1305 2873 1350 nos

489 1383 702 1442 autem
752 1376 831 1440 de
875 1377 1036 1442 Jure
1073 1376 1266 1457 Prag.
1315 1378 1486 1443 inter
1533 1395 1767 1442 annum
1814 1381 1881 1440 et
1926 1376 2113 1454 diem,
2180 1378 2259 1441 de
2305 1377 2463 1440 Jure
2512 1393 2665 1439 vero
2713 1374 2869 1438 Pro·

493 1463 745 1529 vinciali
815 1464 1094 1529 triennio
1164 1471 1231 1531 et
1303 1466 1656 1531 octodecim
1730 1464 2235 1530 hebdomadibus
2308 1459 2603 1546 (excepto
2662 1463 2873 1532 feudo,

494 1551 672 1631 cujus
717 1552 1102 1616 investitura
1169 1554 1344 1619 intra
1391 1572 1625 1618 annum
1673 1558 1741 1617 et
1788 1553 1953 1616 diem
2003 1571 2252 1632 quoque
2299 1552 2562 1633 petitur.
2610 1551 2701 1616 M.
2748 1542 2874 1630 40)

495 1640 958 1720 usucapiuntur
1003 1631 1116 1720 (F.
1169 1641 1274 1708 21.
1336 1643 1462 1707 Jus
1494 1644 1691 1707 Prov.
1750 1642 1833 1705 D.
1882 1640 1985 1706 37.
1992 1633 2051 1719 ).
2100 1641 2187 1704 Et
2232 1660 2352 1721 per
2402 1640 2569 1704 diem
2618 1639 2681 1702 in
2724 1639 2872 1720 Jure

494 1733 714 1793 nostro
747 1728 1189 1808 intelliguntur
1221 1747 1333 1796 sex
1366 1729 1820 1809 hebdomades,
1855 1747 2019 1808 quae
2054 1728 2378 1792 adduntur
2411 1746 2574 1792 anno
2621 1727 2871 1807 integre

493 1833 752 1882 emenso
801 1809 914 1894 (F.
964 1815 1116 1896 23.)

686 1903 1066 1986 Exemplum
1095 1909 1500 1988 usucapionis
1533 1927 1657 1973 non
1686 1904 2123 1971 admittendae
2157 1903 2356 1968 habos
2381 1905 2499 1969 sub
2530 1903 2622 1968 lit.
2658 1903 2732 1968 F.
2763 1902 2870 1968 30.

491 1993 592 2057 Sit
623 1993 768 2056 talis
807 2010 1033 2057 casus:
1072 1994 1276 2060 Titius
1311 1995 1454 2060 Seio
1489 1994 1904 2076 hypotecavit
1950 1993 2203 2057 domum
2251 2011 2448 2057 suam.
2502 1991 2566 2056 Is
2602 1991 2875 2055 moritur

489 2087 555 2145 et
633 2079 936 2159 relinquit
1001 2081 1194 2146 filiam
1251 2085 1514 2149 Annam.
1605 2085 1781 2150 Haec
1830 2101 1867 2145 a
1934 2079 2061 2144 filio
2134 2080 2264 2144 Seii
2323 2079 2642 2159 defuncti,
2714 2085 2873 2161 puta

493 2168 891 2249 Sempronio,
939 2175 1089 2250 post
1135 2170 1392 2252 longum
1439 2179 1713 2253 tempus,
1763 2187 1991 2250 nempe
2042 2169 2262 2250 viginti
2311 2187 2533 2248 annos,
2582 2167 2873 2249 deposito

439 2315 448 2322 .
491 2274 690 2338 penes
737 2262 1028 2321 senatum
1077 2258 1316 2336 debito,
1349 2261 1556 2340 patris
1603 2261 1721 2337 sui,
1772 2257 2073 2322 videlicet
2104 2255 2279 2338 Titii,
2315 2257 2567 2321 domum
2616 2256 2873 2336 repetit.

491 2344 859 2423 Quaeritur,
907 2364 988 2410 an
1037 2346 1452 2428 Sempronius
1499 2348 1581 2412 sit
1627 2353 1805 2412 tutus
1850 2350 1917 2410 et
1960 2347 2208 2412 Annam
2256 2343 2629 2425 exceptione
2674 2362 2867 2424 prae-

492 2433 858 2514 scriptionis
895 2434 1216 2515 repellat?
1266 2437 1354 2500 Et
1393 2437 1841 2516 respondetur,
1878 2434 2043 2513 quod
2079 2452 2237 2513 non;
2290 2432 2650 2514 hypotheca
2703 2432 2872 2496 enim

499 2521 669 2602 apud
715 2540 831 2586 nos
877 2542 1202 2603 nunquam
1248 2527 1739 2605 praescribitur.'

686 2609 902 2674 Simile
972 2613 1332 2693 exemplum
1400 2614 1546 2679 vide
1617 2614 1735 2679 sub
1805 2612 1995 2676 litera
2041 2612 2117 2676 F.
2163 2612 2251 2676 31
2311 2615 2382 2675 et
2426 2609 2597 2673 tale:
2668 2608 2875 2671 Titius

491 2697 764 2761 moritur
811 2698 1054 2763 relictis
1099 2701 1306 2765 tribus
1352 2700 1591 2768 liberis,
1642 2703 1825 2767 Unus
1871 2698 2301 2780 proficiscitur
2355 2698 2419 2761 in
2467 2697 2759 2762 militiam
2806 2702 2873 2759 et

494 2784 600 2848 alii
649 2784 772 2849 duo
834 2788 1124 2852 dividunt
1184 2790 1356 2856 inter
1411 2808 1479 2855 se
1526 2789 1955 2855 hereditatem
1999 2794 2356 2869 paternam.
2404 2785 2563 2851 Post
2606 2784 2873 2865 triginta

494 2890 693 2938 annos
760 2872 867 2939 ille
936 2895 1014 2939 ex
1083 2876 1309 2943 militia
1373 2880 1745 2956 revertitur,
1815 2880 1882 2943 et
1948 2876 2253 2940 fratribus
2315 2874 2628 2939 defunctis
2691 2892 2868 2937 suam

493 2968 746 3040 partem
791 2962 1196 3045 hereditatiS,
1261 2984 1490 3047 nempe
1552 2966 1833 3045 tertiam,
1891 2966 2060 3044 petit
2106 2965 2189 3030 ab
2238 2966 2523 3045 ipsorum
2568 2962 2873 3026 uxoribus

492 3053 559 3113 et
589 3049 828 3113 liberis.
853 3049 1229 3128 Quaesitum
1265 3059 1384 3133 est,
1413 3071 1492 3119 an
1517 3054 1874 3135 repellatur
1896 3054 2273 3132 exceptione
2296 3050 2871 3133 praescriptionis?

439 3146 453 3157 ·
492 3142 560 3201 et
601 3154 1001 3218 responsum,
1063 3141 1231 3218 quod
1278 3160 1422 3218 non,
1486 3143 1638 3222 quia
1695 3141 1903 3206 malae
1963 3139 2113 3205 fidei
2159 3158 2490 3221 possessor
2552 3154 2871 3217 nunquam

492 3225 908 3377 pragscribit3
960 3232 1151 3306 atque
1200 3230 1294 3294 ita
1341 3231 1426 3294 ad
1471 3230 1734 3295 tertiam
1764 3234 2017 3311 partem
2065 3227 2447 3292 hereditatis
2494 3230 2597 3291 est
2642 3226 2872 3290 admit-

493 3317 603 3376 tcn
653 3331 746 3377 uS.

693 3400 761 3466 Si
806 3402 1078 3484 coepisti
1138 3409 1364 3469 contra
1411 3404 1689 3485 aliquem
1730 3404 1881 3485 jnra
1939 3424 2167 3486 agere,
2228 3407 2296 3467 et
2355 3408 2582 3482 postea
2640 3420 2871 3466 annum

494 3493 561 3552 et
607 3488 774 3554 diem
822 3491 901 3556 de
949 3490 1108 3556 Jure
1155 3492 1344 3572 Prag.
1381 3492 1482 3557 vel
1516 3494 1598 3559 de
1628 3494 1790 3559 Jure
1835 3493 2025 3558 Prov.
2063 3497 2195 3556 tres
2232 3508 2432 3555 annos
2463 3496 2533 3555 et
2565 3486 2646 3553 18
2676 3492 2873 3570 septi-

495 3594 752 3743 pignag}
779 3584 1363 3749 ιῗθεέεὲ)οειυεωη
1414 3587 1590 3647 tuam
1636 3582 1909 3663 amplius
1956 3580 2410 3660 redintegrare
2456 3596 2580 3642 non
2629 3578 2873 3660 poteris

692 3755 790 3817 De
836 3754 994 3821 Jure
1039 3754 1422 3821 Provinciali
1470 3759 1781 3839 usucapio
1829 3758 2163 3838 procedit:

691 3842 742 3907 Ι.
777 3842 846 3907 Si
877 3845 1017 3923 quis
1073 3846 1241 3908 bona
1275 3846 1570 3910 vacantia
1602 3848 1686 3911 ad
1716 3846 2099 3927 rescriptum
2131 3844 2305 3925 regis
2332 3842 2618 3908 Ladislai
2653 3849 2869 3908 teneat

494 3919 658 4008 (Jua
703 3931 898 3997 Prov.
949 3935 1034 3998 D.
1085 3926 1236 4014 38.)

686 4019 769 4084 II.
833 4019 902 4087 Si
965 4022 1104 4101 quis
1166 4022 1335 4087 bona
1395 4038 1514 4085 sua
1580 4021 1945 4102 possederit
2012 4026 2146 4085 tres
2208 4020 2495 4100 integros
2555 4038 2755 4085 annos
2802 4026 2871 4085 et

502 4102 577 4169 18
623 4107 1016 4188 septimanas
1078 4115 1228 4174 ante
1285 4110 1855 4190 conflagrationem
1902 4109 2267 4175 tabularum
2339 4108 2521 4186 regni
2566 4106 2873 4173 Boemiae

491 4184 654 4274 (Jus
697 4196 892 4263 Prov.
945 4199 1031 4264 D.
1080 4192 1230 4273 39.)

685 4283 804 4350 ΙΙΙ.
854 4286 922 4351 Si
969 4286 1049 4350 de
1097 4286 1409 4351 evictione
1455 4286 1627 4352 intra
1674 4292 1928 4367 tempus
1972 4287 2445 4368 praescriptum
2494 4303 2638 4349 eum
2686 4283 2871 4362 cujus

489 4370 804 4437 intererat
849 4374 1166 4453 evincere,
1226 4374 1454 4453 aliquis
1501 4394 1626 4440 non
1673 4376 2159 4456 praemonuerit
2200 4365 2323 4453 (D.
2363 4365 2510 4454 44.)

679 4458 791 4523 IV.
865 4460 934 4525 Si
995 4462 1136 4541 quis
1197 4461 1509 4527 sociorum
1566 4482 1827 4528 suorum
1890 4463 2267 4543 obligationi
2328 4470 2442 4527 aut
2508 4463 2865 4527 contractui

485 4544 784 4627 scienter,
831 4547 1001 4614 inter
1049 4566 1248 4615 annos
1278 4550 1827 4631 praescriptioniS‚
1875 4568 2002 4617 non
2049 4550 2508 4621 contradixerit
2562 4540 2606 4633 (
2599 4552 2683 4615 D.
2720 4543 2868 4631 45.)
