<?xml version="1.0" encoding="UTF-8"?>
<!DOCTYPE html PUBLIC "-//W3C//DTD XHTML 1.0 Transitional//EN"
    "http://www.w3.org/TR/xhtml1/DTD/xhtml1-transitional.dtd">
<html xmlns="http://www.w3.org/1999/xhtml" xml:lang="en" lang="en">
 <head>
  <title>
</title>
<meta http-equiv="Content-Type" content="text/html;charset=utf-8" />
  <meta name='ocr-system' content='tesseract 3.04.00' />
  <meta name='ocr-capabilities' content='ocr_page ocr_carea ocr_par ocr_line ocrx_word'/>
</head>
<body>
  <div class='ocr_page' id='page_1' title='image "./spisyprvnickopr00repugoog_0069.png"; bbox 0 0 3350 5050; ppageno 0'>
   <div class='ocr_carea' id='block_1_1' title="bbox 1177 499 2819 604">
    <p class='ocr_par' dir='ltr' id='par_1_1' title="bbox 1177 499 2819 604">
     <span class='ocr_line' id='line_1_1' title="bbox 1177 499 2819 604; baseline 0.009 -22"><span class='ocrx_word' id='word_1_1' title='bbox 1177 529 1284 585; x_wconf 84' lang='lat' dir='ltr'>Tit.</span> <span class='ocrx_word' id='word_1_2' title='bbox 1323 531 1545 600; x_wconf 69' lang='lat' dir='ltr'>xxix,</span> <span class='ocrx_word' id='word_1_3' title='bbox 1569 499 1757 584; x_wconf 64' lang='lat' dir='ltr'>xxx.</span> <span class='ocrx_word' id='word_1_4' title='bbox 1798 537 1851 585; x_wconf 78' lang='lat' dir='ltr'>et</span> <span class='ocrx_word' id='word_1_5' title='bbox 1888 529 2091 586; x_wconf 79' lang='lat' dir='ltr'>xxxi.</span> <span class='ocrx_word' id='word_1_6' title='bbox 2324 515 2349 534; x_wconf 60' lang='lat'>⁸</span> <span class='ocrx_word' id='word_1_7' title='bbox 2740 537 2819 604; x_wconf 80' lang='grc'>57</span> 
     </span>
    </p>
   </div>
   <div class='ocr_carea' id='block_1_2' title="bbox 440 665 2877 1194">
    <p class='ocr_par' dir='ltr' id='par_1_2' title="bbox 440 665 2877 1194">
     <span class='ocr_line' id='line_1_2' title="bbox 443 665 2877 754; baseline 0.003 -24"><span class='ocrx_word' id='word_1_8' title='bbox 443 665 501 730; x_wconf 86' lang='lat' dir='ltr'>si</span> <span class='ocrx_word' id='word_1_9' title='bbox 553 668 955 750; x_wconf 89' lang='lat' dir='ltr'>superiorem</span> <span class='ocrx_word' id='word_1_10' title='bbox 1009 669 1106 736; x_wconf 88' lang='lat' dir='ltr'>vel</span> <span class='ocrx_word' id='word_1_11' title='bbox 1137 669 1514 751; x_wconf 83' lang='lat' dir='ltr'><strong>peritiorem</strong></span> <span class='ocrx_word' id='word_1_12' title='bbox 1564 669 1975 736; x_wconf 86' lang='lat' dir='ltr'>consuluerit.</span> <span class='ocrx_word' id='word_1_13' title='bbox 2026 671 2100 735; x_wconf 91' lang='lat' dir='ltr'>Id</span> <span class='ocrx_word' id='word_1_14' title='bbox 2150 671 2319 750; x_wconf 88' lang='lat' dir='ltr'>quod</span> <span class='ocrx_word' id='word_1_15' title='bbox 2370 671 2443 737; x_wconf 90' lang='lat' dir='ltr'>fit</span> <span class='ocrx_word' id='word_1_16' title='bbox 2489 692 2606 754; x_wconf 90' lang='lat' dir='ltr'>per</span> <span class='ocrx_word' id='word_1_17' title='bbox 2652 673 2823 738; x_wconf 88' lang='lat' dir='ltr'>rela-</span> <span class='ocrx_word' id='word_1_18' title='bbox 2872 685 2877 692; x_wconf 87' lang='grc'><strong>’</strong></span> 
     </span>
     <span class='ocr_line' id='line_1_3' title="bbox 445 756 2819 841; baseline 0.003 -23"><span class='ocrx_word' id='word_1_19' title='bbox 445 756 683 820; x_wconf 88' lang='lat' dir='ltr'>tionem</span> <span class='ocrx_word' id='word_1_20' title='bbox 754 757 851 821; x_wconf 79' lang='lat' dir='ltr'>vel</span> <span class='ocrx_word' id='word_1_21' title='bbox 922 777 1044 839; x_wconf 90' lang='lat' dir='ltr'>per</span> <span class='ocrx_word' id='word_1_22' title='bbox 1122 757 1564 824; x_wconf 85' lang='lat' dir='ltr'><strong>remissionem</strong></span> <span class='ocrx_word' id='word_1_23' title='bbox 1635 759 1912 841; x_wconf 86' lang='lat' dir='ltr'>partium</span> <span class='ocrx_word' id='word_1_24' title='bbox 1998 758 2079 823; x_wconf 90' lang='lat' dir='ltr'>ad</span> <span class='ocrx_word' id='word_1_25' title='bbox 2150 759 2455 839; x_wconf 88' lang='lat' dir='ltr'>majorem</span> <span class='ocrx_word' id='word_1_26' title='bbox 2518 761 2819 841; x_wconf 88' lang='lat' dir='ltr'>judicem.</span> 
     </span>
     <span class='ocr_line' id='line_1_4' title="bbox 445 844 2677 930; baseline 0.004 -24"><span class='ocrx_word' id='word_1_27' title='bbox 445 844 798 924; x_wconf 87' lang='lat' dir='ltr'>Delegatus</span> <span class='ocrx_word' id='word_1_28' title='bbox 845 847 1014 911; x_wconf 89' lang='lat' dir='ltr'>enim</span> <span class='ocrx_word' id='word_1_29' title='bbox 1061 849 1142 912; x_wconf 82' lang='lat' dir='ltr'>ab</span> <span class='ocrx_word' id='word_1_30' title='bbox 1190 847 1300 911; x_wconf 93' lang='lat' dir='ltr'>illo</span> <span class='ocrx_word' id='word_1_31' title='bbox 1348 845 1546 911; x_wconf 90' lang='lat' dir='ltr'>debet</span> <span class='ocrx_word' id='word_1_32' title='bbox 1591 865 1931 926; x_wconf 83' lang='lat' dir='ltr'>quaerere,</span> <span class='ocrx_word' id='word_1_33' title='bbox 1982 847 2091 928; x_wconf 90' lang='lat' dir='ltr'>qui</span> <span class='ocrx_word' id='word_1_34' title='bbox 2135 867 2279 913; x_wconf 87' lang='lat' dir='ltr'>eum</span> <span class='ocrx_word' id='word_1_35' title='bbox 2330 849 2677 930; x_wconf 85' lang='lat' dir='ltr'>delegavit.</span> 
     </span>
     <span class='ocr_line' id='line_1_5' title="bbox 635 933 2822 1017; baseline 0.003 -21"><span class='ocrx_word' id='word_1_36' title='bbox 635 933 887 999; x_wconf 85' lang='lat' dir='ltr'>Relatio</span> <span class='ocrx_word' id='word_1_37' title='bbox 934 934 1088 999; x_wconf 89' lang='lat' dir='ltr'>nihil</span> <span class='ocrx_word' id='word_1_38' title='bbox 1140 934 1312 999; x_wconf 87' lang='lat' dir='ltr'>aliud</span> <span class='ocrx_word' id='word_1_39' title='bbox 1362 934 1611 1015; x_wconf 88' lang='lat' dir='ltr'>dicitur,</span> <span class='ocrx_word' id='word_1_40' title='bbox 1660 935 1783 999; x_wconf 81' lang='lat' dir='ltr'>nisi</span> <span class='ocrx_word' id='word_1_41' title='bbox 1833 935 2071 1014; x_wconf 77' lang='lat' dir='ltr'>Judicis</span> <span class='ocrx_word' id='word_1_42' title='bbox 2117 937 2198 1001; x_wconf 89' lang='lat' dir='ltr'>de</span> <span class='ocrx_word' id='word_1_43' title='bbox 2252 936 2399 1017; x_wconf 89' lang='lat' dir='ltr'>jure</span> <span class='ocrx_word' id='word_1_44' title='bbox 2466 939 2822 1003; x_wconf 86' lang='lat' dir='ltr'>dubitantis</span> 
     </span>
     <span class='ocr_line' id='line_1_6' title="bbox 444 1019 2823 1107; baseline 0.004 -24"><span class='ocrx_word' id='word_1_45' title='bbox 444 1019 524 1083; x_wconf 92' lang='lat' dir='ltr'>ad</span> <span class='ocrx_word' id='word_1_46' title='bbox 559 1019 920 1102; x_wconf 85' lang='lat' dir='ltr'>Principem</span> <span class='ocrx_word' id='word_1_47' title='bbox 969 1025 1165 1088; x_wconf 87' lang='lat' dir='ltr'>missa</span> <span class='ocrx_word' id='word_1_48' title='bbox 1197 1023 1600 1104; x_wconf 83' lang='lat' dir='ltr'>consultatio,</span> <span class='ocrx_word' id='word_1_49' title='bbox 1649 1029 1721 1087; x_wconf 93' lang='lat' dir='ltr'>ut</span> <span class='ocrx_word' id='word_1_50' title='bbox 1766 1041 1906 1088; x_wconf 91' lang='lat' dir='ltr'>cum</span> <span class='ocrx_word' id='word_1_51' title='bbox 1940 1043 2018 1088; x_wconf 84' lang='lat' dir='ltr'>ex</span> <span class='ocrx_word' id='word_1_52' title='bbox 2050 1025 2325 1090; x_wconf 87' lang='lat' dir='ltr'>Camera</span> <span class='ocrx_word' id='word_1_53' title='bbox 2356 1025 2823 1107; x_wconf 87' lang='lat' dir='ltr'>Appellationis</span> 
     </span>
     <span class='ocr_line' id='line_1_7' title="bbox 440 1105 2818 1194; baseline 0.003 -22"><span class='ocrx_word' id='word_1_54' title='bbox 440 1125 638 1189; x_wconf 88' lang='lat' dir='ltr'>super</span> <span class='ocrx_word' id='word_1_55' title='bbox 664 1128 814 1173; x_wconf 85' lang='lat' dir='ltr'>casu</span> <span class='ocrx_word' id='word_1_56' title='bbox 844 1110 1032 1174; x_wconf 90' lang='lat' dir='ltr'>dubio</span> <span class='ocrx_word' id='word_1_57' title='bbox 1061 1111 1466 1192; x_wconf 83' lang='lat' dir='ltr'>consultatio,</span> <span class='ocrx_word' id='word_1_58' title='bbox 1495 1111 1678 1192; x_wconf 87' lang='lat' dir='ltr'>vulgo</span> <span class='ocrx_word' id='word_1_59' title='bbox 1712 1105 2038 1188; x_wconf 58' lang='lat' dir='ltr'>nauicui,</span> <span class='ocrx_word' id='word_1_60' title='bbox 2069 1114 2327 1194; x_wconf 89' lang='lat' dir='ltr'>petitur.</span> <span class='ocrx_word' id='word_1_61' title='bbox 2362 1113 2537 1191; x_wconf 80' lang='lat' dir='ltr'>Quae</span> <span class='ocrx_word' id='word_1_62' title='bbox 2564 1114 2818 1194; x_wconf 87' lang='lat' dir='ltr'>quidem</span> 
     </span>
    </p>
   </div>
   <div class='ocr_carea' id='block_1_3' title="bbox 437 1195 2816 1352">
    <p class='ocr_par' dir='ltr' id='par_1_3' title="bbox 437 1195 2816 1352">
     <span class='ocr_line' id='line_1_8' title="bbox 437 1195 2816 1280; baseline 0.004 -21"><span class='ocrx_word' id='word_1_63' title='bbox 437 1195 504 1259; x_wconf 92' lang='lat' dir='ltr'>in</span> <span class='ocrx_word' id='word_1_64' title='bbox 553 1197 806 1278; x_wconf 82' lang='lat' dir='ltr'>scriptis</span> <span class='ocrx_word' id='word_1_65' title='bbox 854 1199 933 1263; x_wconf 87' lang='lat' dir='ltr'>ad</span> <span class='ocrx_word' id='word_1_66' title='bbox 994 1200 1303 1280; x_wconf 78' lang='lat' dir='ltr'>quusque</span> <span class='ocrx_word' id='word_1_67' title='bbox 1364 1197 1784 1280; x_wconf 58' lang='lat' dir='ltr'>relationems</span> <span class='ocrx_word' id='word_1_68' title='bbox 1826 1219 1905 1265; x_wconf 86' lang='lat' dir='ltr'>ex</span> <span class='ocrx_word' id='word_1_69' title='bbox 1964 1199 2139 1266; x_wconf 83' lang='lat' dir='ltr'>(licta</span> <span class='ocrx_word' id='word_1_70' title='bbox 2182 1201 2459 1266; x_wconf 86' lang='lat' dir='ltr'>Camera</span> <span class='ocrx_word' id='word_1_71' title='bbox 2503 1201 2816 1269; x_wconf 87' lang='lat' dir='ltr'>Provoca-</span> 
     </span>
     <span class='ocr_line' id='line_1_9' title="bbox 437 1283 1727 1352; baseline 0.007 -5"><span class='ocrx_word' id='word_1_72' title='bbox 437 1283 681 1349; x_wconf 90' lang='lat' dir='ltr'>tionum</span> <span class='ocrx_word' id='word_1_73' title='bbox 724 1286 970 1351; x_wconf 86' lang='lat' dir='ltr'>remitti</span> <span class='ocrx_word' id='word_1_74' title='bbox 1015 1289 1196 1352; x_wconf 87' lang='lat' dir='ltr'>solet.</span> <span class='ocrx_word' id='word_1_75' title='bbox 1720 1289 1727 1298; x_wconf 82' lang='grc'><em>’</em></span> 
     </span>
    </p>
   </div>
   <div class='ocr_carea' id='block_1_4' title="bbox 439 1409 2818 1546">
    <p class='ocr_par' dir='ltr' id='par_1_4' title="bbox 439 1409 2818 1546">
     <span class='ocr_line' id='line_1_10' title="bbox 636 1409 2818 1484; baseline 0.004 -23"><span class='ocrx_word' id='word_1_76' title='bbox 636 1411 816 1462; x_wconf 80' lang='lat' dir='ltr'>Causa</span> <span class='ocrx_word' id='word_1_77' title='bbox 876 1409 1110 1464; x_wconf 83' lang='lat' dir='ltr'>efficiens</span> <span class='ocrx_word' id='word_1_78' title='bbox 1173 1411 1620 1466; x_wconf 87' lang='lat' dir='ltr'>consultationem</span> <span class='ocrx_word' id='word_1_79' title='bbox 1662 1412 1906 1480; x_wconf 83' lang='lat' dir='ltr'>judicum</span> <span class='ocrx_word' id='word_1_80' title='bbox 1958 1419 2042 1466; x_wconf 89' lang='lat' dir='ltr'>est</span> <span class='ocrx_word' id='word_1_81' title='bbox 2101 1412 2425 1466; x_wconf 86' lang='lat' dir='ltr'>incertitudo</span> <span class='ocrx_word' id='word_1_82' title='bbox 2466 1413 2625 1480; x_wconf 68' lang='lat' dir='ltr'>juria,</span> <span class='ocrx_word' id='word_1_83' title='bbox 2676 1416 2818 1484; x_wconf 88' lang='lat' dir='ltr'>quod</span> 
     </span>
     <span class='ocr_line' id='line_1_11' title="bbox 439 1480 1150 1546; baseline 0.004 -14"><span class='ocrx_word' id='word_1_84' title='bbox 439 1495 604 1546; x_wconf 84' lang='lat' dir='ltr'>super</span> <span class='ocrx_word' id='word_1_85' title='bbox 638 1480 732 1533; x_wconf 89' lang='lat' dir='ltr'>lite</span> <span class='ocrx_word' id='word_1_86' title='bbox 771 1481 932 1534; x_wconf 88' lang='lat' dir='ltr'>debet</span> <span class='ocrx_word' id='word_1_87' title='bbox 966 1483 1150 1536; x_wconf 85' lang='lat' dir='ltr'>statui.</span> 
     </span>
    </p>
   </div>
   <div class='ocr_carea' id='block_1_5' title="bbox 638 1552 2817 1695">
    <p class='ocr_par' dir='ltr' id='par_1_5' title="bbox 638 1552 2817 1695">
     <span class='ocr_line' id='line_1_12' title="bbox 639 1552 2817 1626; baseline 0.004 -22"><span class='ocrx_word' id='word_1_88' title='bbox 639 1552 948 1619; x_wconf 87' lang='lat' dir='ltr'>Subjectum</span> <span class='ocrx_word' id='word_1_89' title='bbox 988 1560 1116 1606; x_wconf 88' lang='lat' dir='ltr'>sunt</span> <span class='ocrx_word' id='word_1_90' title='bbox 1162 1555 1338 1622; x_wconf 89' lang='lat' dir='ltr'>ipsum</span> <span class='ocrx_word' id='word_1_91' title='bbox 1380 1554 1473 1620; x_wconf 89' lang='lat' dir='ltr'>jus</span> <span class='ocrx_word' id='word_1_92' title='bbox 1531 1561 1588 1606; x_wconf 86' lang='lat' dir='ltr'>et</span> <span class='ocrx_word' id='word_1_93' title='bbox 1627 1554 1867 1607; x_wconf 83' lang='lat' dir='ltr'>actiones</span> <span class='ocrx_word' id='word_1_94' title='bbox 1918 1560 2026 1607; x_wconf 85' lang='lat' dir='ltr'>tam</span> <span class='ocrx_word' id='word_1_95' title='bbox 2063 1555 2235 1609; x_wconf 83' lang='lat' dir='ltr'>reales</span> <span class='ocrx_word' id='word_1_96' title='bbox 2288 1573 2449 1626; x_wconf 89' lang='lat' dir='ltr'>quam</span> <span class='ocrx_word' id='word_1_97' title='bbox 2488 1558 2817 1624; x_wconf 66' lang='lat' dir='ltr'>personales</span> 
     </span>
     <span class='ocr_line' id='line_1_13' title="bbox 638 1623 2490 1695; baseline 0.003 -19"><span class='ocrx_word' id='word_1_98' title='bbox 638 1623 918 1691; x_wconf 84' lang='lat' dir='ltr'>Objectum</span> <span class='ocrx_word' id='word_1_99' title='bbox 957 1631 1085 1690; x_wconf 84' lang='lat' dir='ltr'>sunt</span> <span class='ocrx_word' id='word_1_100' title='bbox 1121 1642 1303 1679; x_wconf 89' lang='lat' dir='ltr'>earum</span> <span class='ocrx_word' id='word_1_101' title='bbox 1339 1626 1778 1680; x_wconf 83' lang='lat' dir='ltr'>circumstantiae</span> <span class='ocrx_word' id='word_1_102' title='bbox 1815 1625 2083 1693; x_wconf 81' lang='lat' dir='ltr'>allegatae</span> <span class='ocrx_word' id='word_1_103' title='bbox 2120 1635 2173 1680; x_wconf 91' lang='lat' dir='ltr'>et</span> <span class='ocrx_word' id='word_1_104' title='bbox 2212 1629 2490 1695; x_wconf 86' lang='lat' dir='ltr'>probatae.</span> 
     </span>
    </p>
   </div>
   <div class='ocr_carea' id='block_1_6' title="bbox 442 1695 2821 1837">
    <p class='ocr_par' dir='ltr' id='par_1_6' title="bbox 442 1695 2821 1837">
     <span class='ocr_line' id='line_1_14' title="bbox 633 1695 2821 1767; baseline 0.003 -18"><span class='ocrx_word' id='word_1_105' title='bbox 633 1695 835 1750; x_wconf 87' lang='lat' dir='ltr'>Forma</span> <span class='ocrx_word' id='word_1_106' title='bbox 884 1702 984 1765; x_wconf 87' lang='lat' dir='ltr'>est,</span> <span class='ocrx_word' id='word_1_107' title='bbox 1038 1697 1254 1764; x_wconf 84' lang='lat' dir='ltr'>quando</span> <span class='ocrx_word' id='word_1_108' title='bbox 1320 1704 1442 1750; x_wconf 85' lang='lat' dir='ltr'>acta</span> <span class='ocrx_word' id='word_1_109' title='bbox 1496 1713 1615 1750; x_wconf 91' lang='lat' dir='ltr'>cum</span> <span class='ocrx_word' id='word_1_110' title='bbox 1667 1697 1915 1750; x_wconf 89' lang='lat' dir='ltr'>omnibus</span> <span class='ocrx_word' id='word_1_111' title='bbox 1978 1699 2393 1752; x_wconf 84' lang='lat' dir='ltr'>circumstantiis</span> <span class='ocrx_word' id='word_1_112' title='bbox 2444 1716 2479 1752; x_wconf 84' lang='lat' dir='ltr'>a</span> <span class='ocrx_word' id='word_1_113' title='bbox 2531 1700 2717 1767; x_wconf 86' lang='lat' dir='ltr'>judice</span> <span class='ocrx_word' id='word_1_114' title='bbox 2766 1703 2821 1756; x_wconf 90' lang='lat' dir='ltr'>in</span> 
     </span>
     <span class='ocr_line' id='line_1_15' title="bbox 442 1767 2413 1837; baseline 0.004 -19"><span class='ocrx_word' id='word_1_115' title='bbox 442 1773 652 1820; x_wconf 86' lang='lat' dir='ltr'>secreto</span> <span class='ocrx_word' id='word_1_116' title='bbox 689 1767 999 1822; x_wconf 81' lang='lat' dir='ltr'>referuntur</span> <span class='ocrx_word' id='word_1_117' title='bbox 1035 1775 1090 1821; x_wconf 87' lang='lat' dir='ltr'>et</span> <span class='ocrx_word' id='word_1_118' title='bbox 1127 1769 1459 1836; x_wconf 84' lang='lat' dir='ltr'>singulorum</span> <span class='ocrx_word' id='word_1_119' title='bbox 1489 1768 1733 1834; x_wconf 86' lang='lat' dir='ltr'>judicum</span> <span class='ocrx_word' id='word_1_120' title='bbox 1774 1768 2085 1836; x_wconf 83' lang='lat' dir='ltr'>suffragium</span> <span class='ocrx_word' id='word_1_121' title='bbox 2126 1770 2413 1837; x_wconf 82' lang='lat' dir='ltr'>colligitur.</span> 
     </span>
    </p>
   </div>
   <div class='ocr_carea' id='block_1_7' title="bbox 639 1839 2482 1910">
    <p class='ocr_par' dir='ltr' id='par_1_7' title="bbox 639 1839 2482 1910">
     <span class='ocr_line' id='line_1_16' title="bbox 639 1839 2482 1910; baseline 0.003 -19"><span class='ocrx_word' id='word_1_122' title='bbox 639 1839 794 1893; x_wconf 86' lang='lat' dir='ltr'>Finis</span> <span class='ocrx_word' id='word_1_123' title='bbox 833 1846 936 1908; x_wconf 87' lang='lat' dir='ltr'>est,</span> <span class='ocrx_word' id='word_1_124' title='bbox 972 1845 1034 1893; x_wconf 90' lang='lat' dir='ltr'>ut</span> <span class='ocrx_word' id='word_1_125' title='bbox 1071 1856 1236 1910; x_wconf 83' lang='lat' dir='ltr'>super</span> <span class='ocrx_word' id='word_1_126' title='bbox 1272 1841 1366 1894; x_wconf 85' lang='lat' dir='ltr'>lite</span> <span class='ocrx_word' id='word_1_127' title='bbox 1395 1839 1550 1907; x_wconf 86' lang='lat' dir='ltr'>justa</span> <span class='ocrx_word' id='word_1_128' title='bbox 1589 1846 1644 1893; x_wconf 89' lang='lat' dir='ltr'>et</span> <span class='ocrx_word' id='word_1_129' title='bbox 1682 1855 1857 1908; x_wconf 84' lang='lat' dir='ltr'>aequa</span> <span class='ocrx_word' id='word_1_130' title='bbox 1893 1842 2161 1895; x_wconf 83' lang='lat' dir='ltr'>sententia</span> <span class='ocrx_word' id='word_1_131' title='bbox 2200 1843 2482 1897; x_wconf 80' lang='lat' dir='ltr'>habeatur.</span> 
     </span>
    </p>
   </div>
   <div class='ocr_carea' id='block_1_8' title="bbox 464 1956 2805 2383">
    <p class='ocr_par' dir='ltr' id='par_1_8' title="bbox 464 1956 2805 2383">
     <span class='ocr_line' id='line_1_17' title="bbox 884 1956 2176 2025; baseline 0.002 -16"><span class='ocrx_word' id='word_1_132' title='bbox 884 1956 1172 2010; x_wconf 85' lang='lat' dir='ltr'>consulunt</span> <span class='ocrx_word' id='word_1_133' title='bbox 1209 1957 1512 2025; x_wconf 74' lang='lat' dir='ltr'>peritioreS,</span> <span class='ocrx_word' id='word_1_134' title='bbox 1551 1963 1609 2010; x_wconf 89' lang='lat' dir='ltr'>ut</span> <span class='ocrx_word' id='word_1_135' title='bbox 1646 1963 1773 2010; x_wconf 87' lang='lat' dir='ltr'>sunt</span> <span class='ocrx_word' id='word_1_136' title='bbox 1800 1957 2176 2024; x_wconf 86' lang='lat' dir='ltr'>jureconsulti.</span> 
     </span>
     <span class='ocr_line' id='line_1_18' title="bbox 503 2024 2202 2097; baseline 0.004 -19"><span class='ocrx_word' id='word_1_137' title='bbox 503 2024 742 2094; x_wconf 84' lang='lat' dir='ltr'>Judices,</span> <span class='ocrx_word' id='word_1_138' title='bbox 884 2027 1125 2081; x_wconf 86' lang='lat' dir='ltr'>referunt</span> <span class='ocrx_word' id='word_1_139' title='bbox 1157 2045 1376 2082; x_wconf 85' lang='lat' dir='ltr'>causam</span> <span class='ocrx_word' id='word_1_140' title='bbox 1415 2028 1486 2082; x_wconf 83' lang='lat' dir='ltr'>ad</span> <span class='ocrx_word' id='word_1_141' title='bbox 1524 2027 1823 2096; x_wconf 75' lang='lat' dir='ltr'>Principem</span> <span class='ocrx_word' id='word_1_142' title='bbox 1864 2029 1943 2082; x_wconf 82' lang='lat' dir='ltr'>vel</span> <span class='ocrx_word' id='word_1_143' title='bbox 1984 2029 2202 2097; x_wconf 87' lang='lat' dir='ltr'>Papam.</span> 
     </span>
     <span class='ocr_line' id='line_1_19' title="bbox 464 2096 2103 2166; baseline 0.003 -17"><span class='ocrx_word' id='word_1_144' title='bbox 464 2097 510 2149; x_wconf 90' lang='lat' dir='ltr'>si</span> <span class='ocrx_word' id='word_1_145' title='bbox 549 2096 616 2150; x_wconf 90' lang='lat' dir='ltr'>de</span> <span class='ocrx_word' id='word_1_146' title='bbox 643 2097 770 2163; x_wconf 87' lang='lat' dir='ltr'>jure</span> <span class='ocrx_word' id='word_1_147' title='bbox 946 2106 1128 2166; x_wconf 86' lang='lat' dir='ltr'>partes</span> <span class='ocrx_word' id='word_1_148' title='bbox 1167 2100 1448 2153; x_wconf 88' lang='lat' dir='ltr'>remittunt</span> <span class='ocrx_word' id='word_1_149' title='bbox 1726 2101 1894 2155; x_wconf 81' lang='lat' dir='ltr'>illiciti</span> <span class='ocrx_word' id='word_1_150' title='bbox 1931 2101 2103 2154; x_wconf 88' lang='lat' dir='ltr'>mutui</span> 
     </span>
     <span class='ocr_line' id='line_1_20' title="bbox 473 2169 2805 2240; baseline 0.003 -18"><span class='ocrx_word' id='word_1_151' title='bbox 473 2169 746 2240; x_wconf 85' lang='lat' dir='ltr'>dubitant,</span> <span class='ocrx_word' id='word_1_152' title='bbox 947 2171 1015 2224; x_wconf 89' lang='lat' dir='ltr'>ad</span> <span class='ocrx_word' id='word_1_153' title='bbox 1056 2172 1305 2238; x_wconf 85' lang='lat' dir='ltr'>superius</span> <span class='ocrx_word' id='word_1_154' title='bbox 1724 2173 2084 2240; x_wconf 79' lang='lat' dir='ltr'>piaediariam</span> <span class='ocrx_word' id='word_1_155' title='bbox 2421 2175 2699 2228; x_wconf 85' lang='lat' dir='ltr'>remittunt</span> <span class='ocrx_word' id='word_1_156' title='bbox 2734 2175 2805 2228; x_wconf 84' lang='lat' dir='ltr'>ad</span> 
     </span>
     <span class='ocr_line' id='line_1_21' title="bbox 571 2242 2733 2311; baseline 0.003 -18"><span class='ocrx_word' id='word_1_157' title='bbox 571 2247 668 2294; x_wconf 84' lang='lat' dir='ltr'>aut</span> <span class='ocrx_word' id='word_1_158' title='bbox 937 2242 1233 2310; x_wconf 67' lang='lat' dir='ltr'>judicium3</span> <span class='ocrx_word' id='word_1_159' title='bbox 1273 2243 1351 2297; x_wconf 87' lang='lat' dir='ltr'>sic</span> <span class='ocrx_word' id='word_1_160' title='bbox 1433 2287 1436 2292; x_wconf 97' lang='lat'>.</span> <span class='ocrx_word' id='word_1_161' title='bbox 1722 2244 2158 2311; x_wconf 83' lang='lat' dir='ltr'>praejudicialem</span> <span class='ocrx_word' id='word_1_162' title='bbox 2199 2253 2254 2297; x_wconf 88' lang='lat' dir='ltr'>ct</span> <span class='ocrx_word' id='word_1_163' title='bbox 2480 2250 2733 2300; x_wconf 72' lang='lat' dir='ltr'>Senatum</span> 
     </span>
     <span class='ocr_line' id='line_1_22' title="bbox 827 2311 2310 2383; baseline 0.001 -16"><span class='ocrx_word' id='word_1_164' title='bbox 827 2311 848 2380; x_wconf 71' lang='lat' dir='ltr'>l</span> <span class='ocrx_word' id='word_1_165' title='bbox 945 2315 1243 2369; x_wconf 83' lang='lat' dir='ltr'>Decemviri</span> <span class='ocrx_word' id='word_1_166' title='bbox 1285 2331 1505 2369; x_wconf 85' lang='lat' dir='ltr'>causam</span> <span class='ocrx_word' id='word_1_167' title='bbox 1719 2317 2175 2383; x_wconf 84' lang='lat' dir='ltr'>praesecutoriam</span> <span class='ocrx_word' id='word_1_168' title='bbox 2303 2313 2310 2320; x_wconf 83' lang='grc'><strong>’</strong></span> 
     </span>
    </p>
   </div>
   <div class='ocr_carea' id='block_1_9' title="bbox 1631 2113 1652 2372">
    <p class='ocr_par' dir='ltr' id='par_1_9' title="bbox 1631 2113 1652 2372">
     <span class='ocr_line' id='line_1_23' title="bbox 1631 2113 1652 2372; baseline 0 2678"><span class='ocrx_word' id='word_1_169' title='bbox 1631 2113 1652 2372; x_wconf 95' lang='lat' dir='ltr'> </span> 
     </span>
    </p>
   </div>
   <div class='ocr_carea' id='block_1_10' title="bbox 1338 2561 1891 2635">
    <p class='ocr_par' dir='ltr' id='par_1_10' title="bbox 1338 2561 1891 2635">
     <span class='ocr_line' id='line_1_24' title="bbox 1338 2561 1891 2635; baseline -0.005 0"><span class='ocrx_word' id='word_1_170' title='bbox 1338 2564 1462 2635; x_wconf 84' lang='lat' dir='ltr'>De</span> <span class='ocrx_word' id='word_1_171' title='bbox 1511 2561 1891 2633; x_wconf 78' lang='lat' dir='ltr'>sententiis.</span> 
     </span>
    </p>
   </div>
   <div class='ocr_carea' id='block_1_11' title="bbox 1276 2746 1959 2837">
    <p class='ocr_par' dir='ltr' id='par_1_11' title="bbox 1276 2746 1959 2837">
     <span class='ocr_line' id='line_1_25' title="bbox 1276 2746 1959 2837; baseline -0.003 -23"><span class='ocrx_word' id='word_1_172' title='bbox 1276 2748 1651 2814; x_wconf 78' lang='lat' dir='ltr'>Titulus</span> <span class='ocrx_word' id='word_1_173' title='bbox 1723 2746 1959 2837; x_wconf 55' lang='lat' dir='ltr'>XXXI.</span> 
     </span>
    </p>
   </div>
   <div class='ocr_carea' id='block_1_12' title="bbox 430 2878 2817 4195">
    <p class='ocr_par' dir='ltr' id='par_1_12' title="bbox 430 2878 2817 3209">
     <span class='ocr_line' id='line_1_26' title="bbox 638 2878 2817 2961; baseline 0.002 -19"><span class='ocrx_word' id='word_1_174' title='bbox 638 2879 884 2943; x_wconf 86' lang='lat' dir='ltr'>Habita</span> <span class='ocrx_word' id='word_1_175' title='bbox 930 2897 1125 2959; x_wconf 87' lang='lat' dir='ltr'>super</span> <span class='ocrx_word' id='word_1_176' title='bbox 1169 2880 1338 2943; x_wconf 83' lang='lat' dir='ltr'>facto</span> <span class='ocrx_word' id='word_1_177' title='bbox 1373 2880 1662 2960; x_wconf 82' lang='lat' dir='ltr'>diligenti</span> <span class='ocrx_word' id='word_1_178' title='bbox 1712 2878 2175 2944; x_wconf 87' lang='lat' dir='ltr'>deliberatione</span> <span class='ocrx_word' id='word_1_179' title='bbox 2210 2898 2347 2943; x_wconf 87' lang='lat' dir='ltr'>cum</span> <span class='ocrx_word' id='word_1_180' title='bbox 2382 2882 2817 2961; x_wconf 79' lang='lat' dir='ltr'>peritioribus,</span> 
     </span>
     <span class='ocr_line' id='line_1_27' title="bbox 440 2966 2817 3049; baseline 0.003 -22"><span class='ocrx_word' id='word_1_181' title='bbox 440 2967 540 3031; x_wconf 82' lang='lat' dir='ltr'>vel</span> <span class='ocrx_word' id='word_1_182' title='bbox 608 2966 781 3031; x_wconf 80' lang='lat' dir='ltr'>facta</span> <span class='ocrx_word' id='word_1_183' title='bbox 841 2967 1218 3032; x_wconf 87' lang='lat' dir='ltr'>remissione</span> <span class='ocrx_word' id='word_1_184' title='bbox 1291 2985 1523 3033; x_wconf 90' lang='lat' dir='ltr'>causae</span> <span class='ocrx_word' id='word_1_185' title='bbox 1590 2986 1630 3031; x_wconf 89' lang='lat' dir='ltr'>a</span> <span class='ocrx_word' id='word_1_186' title='bbox 1698 2967 2030 3049; x_wconf 88' lang='lat' dir='ltr'>Principe,</span> <span class='ocrx_word' id='word_1_187' title='bbox 2098 2966 2296 3046; x_wconf 84' lang='lat' dir='ltr'>judex</span> <span class='ocrx_word' id='word_1_188' title='bbox 2366 2971 2817 3047; x_wconf 87' lang='lat' dir='ltr'>praesentibus</span> 
     </span>
     <span class='ocr_line' id='line_1_28' title="bbox 430 3055 2815 3135; baseline 0.002 -17"><span class='ocrx_word' id='word_1_189' title='bbox 430 3055 731 3135; x_wconf 88' lang='lat' dir='ltr'>partibus</span> <span class='ocrx_word' id='word_1_190' title='bbox 807 3056 1043 3134; x_wconf 76' lang='lat' dir='ltr'>citati8‚</span> <span class='ocrx_word' id='word_1_191' title='bbox 1114 3055 1215 3119; x_wconf 88' lang='lat' dir='ltr'>vel</span> <span class='ocrx_word' id='word_1_192' title='bbox 1283 3074 1411 3119; x_wconf 86' lang='lat' dir='ltr'>una</span> <span class='ocrx_word' id='word_1_193' title='bbox 1465 3073 1687 3120; x_wconf 88' lang='lat' dir='ltr'>earum</span> <span class='ocrx_word' id='word_1_194' title='bbox 1758 3056 2223 3121; x_wconf 77' lang='lat' dir='ltr'>contumaciter</span> <span class='ocrx_word' id='word_1_195' title='bbox 2290 3074 2360 3121; x_wconf 90' lang='lat' dir='ltr'>se</span> <span class='ocrx_word' id='word_1_196' title='bbox 2416 3057 2815 3134; x_wconf 81' lang='lat' dir='ltr'>absentante,</span> 
     </span>
     <span class='ocr_line' id='line_1_29' title="bbox 431 3142 1291 3209; baseline 0 -1"><span class='ocrx_word' id='word_1_197' title='bbox 431 3143 812 3209; x_wconf 85' lang='lat' dir='ltr'>sententiam</span> <span class='ocrx_word' id='word_1_198' title='bbox 857 3142 1028 3207; x_wconf 86' lang='lat' dir='ltr'>ferre</span> <span class='ocrx_word' id='word_1_199' title='bbox 1077 3144 1291 3209; x_wconf 86' lang='lat' dir='ltr'>debet.</span> 
     </span>
    </p>

    <p class='ocr_par' dir='ltr' id='par_1_13' title="bbox 431 3228 2816 4111">
     <span class='ocr_line' id='line_1_30' title="bbox 632 3228 2810 3314; baseline 0.002 -20"><span class='ocrx_word' id='word_1_200' title='bbox 632 3228 970 3295; x_wconf 89' lang='lat' dir='ltr'>Sententia</span> <span class='ocrx_word' id='word_1_201' title='bbox 1015 3235 1116 3295; x_wconf 89' lang='lat' dir='ltr'>est</span> <span class='ocrx_word' id='word_1_202' title='bbox 1146 3236 1329 3297; x_wconf 90' lang='lat' dir='ltr'>actus</span> <span class='ocrx_word' id='word_1_203' title='bbox 1368 3232 1712 3312; x_wconf 82' lang='lat' dir='ltr'>jndicialis,</span> <span class='ocrx_word' id='word_1_204' title='bbox 1760 3250 1879 3312; x_wconf 91' lang='lat' dir='ltr'>per</span> <span class='ocrx_word' id='word_1_205' title='bbox 1912 3251 2097 3312; x_wconf 87' lang='lat' dir='ltr'>quem</span> <span class='ocrx_word' id='word_1_206' title='bbox 2134 3231 2276 3295; x_wconf 88' lang='lat' dir='ltr'>finis</span> <span class='ocrx_word' id='word_1_207' title='bbox 2307 3250 2543 3297; x_wconf 84' lang='lat' dir='ltr'>causae</span> <span class='ocrx_word' id='word_1_208' title='bbox 2577 3234 2810 3314; x_wconf 90' lang='lat' dir='ltr'>princi-</span> 
     </span>
     <span class='ocr_line' id='line_1_31' title="bbox 433 3318 2812 3402; baseline 0.003 -22"><span class='ocrx_word' id='word_1_209' title='bbox 433 3318 562 3400; x_wconf 86' lang='lat' dir='ltr'>pali</span> <span class='ocrx_word' id='word_1_210' title='bbox 589 3318 956 3400; x_wconf 88' lang='lat' dir='ltr'>imponitur.</span> <span class='ocrx_word' id='word_1_211' title='bbox 981 3320 1233 3384; x_wconf 91' lang='lat' dir='ltr'>Dicitur</span> <span class='ocrx_word' id='word_1_212' title='bbox 1255 3338 1295 3383; x_wconf 90' lang='lat' dir='ltr'>a</span> <span class='ocrx_word' id='word_1_213' title='bbox 1317 3320 1670 3399; x_wconf 89' lang='lat' dir='ltr'>sentiend0‚</span> <span class='ocrx_word' id='word_1_214' title='bbox 1700 3322 1849 3400; x_wconf 85' lang='lat' dir='ltr'>quia</span> <span class='ocrx_word' id='word_1_215' title='bbox 1864 3319 2063 3399; x_wconf 88' lang='lat' dir='ltr'>judex</span> <span class='ocrx_word' id='word_1_216' title='bbox 2087 3339 2207 3402; x_wconf 89' lang='lat' dir='ltr'>per</span> <span class='ocrx_word' id='word_1_217' title='bbox 2229 3339 2373 3384; x_wconf 87' lang='lat' dir='ltr'>eam</span> <span class='ocrx_word' id='word_1_218' title='bbox 2408 3321 2812 3401; x_wconf 87' lang='lat' dir='ltr'>determinat,</span> 
     </span>
     <span class='ocr_line' id='line_1_32' title="bbox 438 3406 2815 3489; baseline 0.003 -20"><span class='ocrx_word' id='word_1_219' title='bbox 438 3406 588 3485; x_wconf 87' lang='lat' dir='ltr'>quid</span> <span class='ocrx_word' id='word_1_220' title='bbox 635 3406 715 3470; x_wconf 88' lang='lat' dir='ltr'>de</span> <span class='ocrx_word' id='word_1_221' title='bbox 764 3424 842 3470; x_wconf 88' lang='lat' dir='ltr'>ea</span> <span class='ocrx_word' id='word_1_222' title='bbox 889 3424 1083 3471; x_wconf 88' lang='lat' dir='ltr'>causa</span> <span class='ocrx_word' id='word_1_223' title='bbox 1131 3407 1214 3470; x_wconf 88' lang='lat' dir='ltr'>sit</span> <span class='ocrx_word' id='word_1_224' title='bbox 1243 3407 1666 3473; x_wconf 87' lang='lat' dir='ltr'>sentiendum.</span> <span class='ocrx_word' id='word_1_225' title='bbox 1717 3409 1804 3472; x_wconf 89' lang='lat' dir='ltr'>Et</span> <span class='ocrx_word' id='word_1_226' title='bbox 1849 3415 1950 3473; x_wconf 89' lang='lat' dir='ltr'>est</span> <span class='ocrx_word' id='word_1_227' title='bbox 1982 3407 2253 3489; x_wconf 83' lang='lat' dir='ltr'>duplex:</span> <span class='ocrx_word' id='word_1_228' title='bbox 2301 3408 2815 3489; x_wconf 87' lang='lat' dir='ltr'>Interlocutoria,</span> 
     </span>
     <span class='ocr_line' id='line_1_33' title="bbox 442 3493 2813 3578; baseline 0.002 -20"><span class='ocrx_word' id='word_1_229' title='bbox 442 3511 605 3573; x_wconf 89' lang='lat' dir='ltr'>quae</span> <span class='ocrx_word' id='word_1_230' title='bbox 652 3493 861 3558; x_wconf 85' lang='lat' dir='ltr'>fertur</span> <span class='ocrx_word' id='word_1_231' title='bbox 906 3495 1076 3559; x_wconf 90' lang='lat' dir='ltr'>inter</span> <span class='ocrx_word' id='word_1_232' title='bbox 1121 3495 1503 3576; x_wconf 87' lang='lat' dir='ltr'>principium</span> <span class='ocrx_word' id='word_1_233' title='bbox 1553 3514 1786 3562; x_wconf 85' lang='lat' dir='ltr'>causae</span> <span class='ocrx_word' id='word_1_234' title='bbox 1834 3502 1900 3561; x_wconf 88' lang='lat' dir='ltr'>et</span> <span class='ocrx_word' id='word_1_235' title='bbox 1942 3495 2155 3571; x_wconf 87' lang='lat' dir='ltr'>finem,</span> <span class='ocrx_word' id='word_1_236' title='bbox 2200 3514 2327 3561; x_wconf 91' lang='lat' dir='ltr'>non</span> <span class='ocrx_word' id='word_1_237' title='bbox 2360 3515 2551 3577; x_wconf 84' lang='lat' dir='ltr'>super</span> <span class='ocrx_word' id='word_1_238' title='bbox 2580 3498 2813 3578; x_wconf 84' lang='lat' dir='ltr'>princi-</span> 
     </span>
     <span class='ocr_line' id='line_1_34' title="bbox 437 3581 2812 3665; baseline 0.003 -21"><span class='ocrx_word' id='word_1_239' title='bbox 437 3581 587 3661; x_wconf 87' lang='lat' dir='ltr'>pali,</span> <span class='ocrx_word' id='word_1_240' title='bbox 638 3582 750 3646; x_wconf 89' lang='lat' dir='ltr'>sed</span> <span class='ocrx_word' id='word_1_241' title='bbox 800 3600 994 3663; x_wconf 87' lang='lat' dir='ltr'>super</span> <span class='ocrx_word' id='word_1_242' title='bbox 1056 3584 1480 3648; x_wconf 87' lang='lat' dir='ltr'>incidentibus</span> <span class='ocrx_word' id='word_1_243' title='bbox 1527 3586 2028 3665; x_wconf 85' lang='lat' dir='ltr'>quaestionibus,</span> <span class='ocrx_word' id='word_1_244' title='bbox 2100 3589 2277 3665; x_wconf 89' lang='lat' dir='ltr'>puta,</span> <span class='ocrx_word' id='word_1_245' title='bbox 2338 3604 2537 3665; x_wconf 88' lang='lat' dir='ltr'>super</span> <span class='ocrx_word' id='word_1_246' title='bbox 2598 3587 2812 3652; x_wconf 90' lang='lat' dir='ltr'>libello</span> 
     </span>
     <span class='ocr_line' id='line_1_35' title="bbox 439 3670 2813 3754; baseline 0.002 -21"><span class='ocrx_word' id='word_1_247' title='bbox 439 3670 702 3734; x_wconf 86' lang='lat' dir='ltr'>ferendo</span> <span class='ocrx_word' id='word_1_248' title='bbox 749 3671 851 3734; x_wconf 87' lang='lat' dir='ltr'>vel</span> <span class='ocrx_word' id='word_1_249' title='bbox 899 3671 1299 3751; x_wconf 84' lang='lat' dir='ltr'>corrigend0‚</span> <span class='ocrx_word' id='word_1_250' title='bbox 1363 3690 1558 3752; x_wconf 90' lang='lat' dir='ltr'>super</span> <span class='ocrx_word' id='word_1_251' title='bbox 1632 3673 1934 3738; x_wconf 87' lang='lat' dir='ltr'>dilatione</span> <span class='ocrx_word' id='word_1_252' title='bbox 1996 3672 2209 3738; x_wconf 89' lang='lat' dir='ltr'>danda</span> <span class='ocrx_word' id='word_1_253' title='bbox 2254 3673 2347 3738; x_wconf 83' lang='lat' dir='ltr'>vel</span> <span class='ocrx_word' id='word_1_254' title='bbox 2414 3674 2813 3754; x_wconf 81' lang='lat' dir='ltr'>deneganda,</span> 
     </span>
     <span class='ocr_line' id='line_1_36' title="bbox 437 3755 2811 3842; baseline 0.003 -23"><span class='ocrx_word' id='word_1_255' title='bbox 437 3776 632 3838; x_wconf 87' lang='lat' dir='ltr'>super</span> <span class='ocrx_word' id='word_1_256' title='bbox 678 3759 950 3822; x_wconf 89' lang='lat' dir='ltr'>testibus</span> <span class='ocrx_word' id='word_1_257' title='bbox 996 3759 1411 3823; x_wconf 86' lang='lat' dir='ltr'>admittendis</span> <span class='ocrx_word' id='word_1_258' title='bbox 1459 3758 1557 3822; x_wconf 91' lang='lat' dir='ltr'>vel</span> <span class='ocrx_word' id='word_1_259' title='bbox 1605 3760 1992 3840; x_wconf 88' lang='lat' dir='ltr'>rejiciendis,</span> <span class='ocrx_word' id='word_1_260' title='bbox 2057 3765 2123 3825; x_wconf 91' lang='lat' dir='ltr'>et</span> <span class='ocrx_word' id='word_1_261' title='bbox 2168 3761 2476 3825; x_wconf 86' lang='lat' dir='ltr'>similibus</span> <span class='ocrx_word' id='word_1_262' title='bbox 2536 3755 2657 3842; x_wconf 89' lang='lat' dir='ltr'>(B.</span> <span class='ocrx_word' id='word_1_263' title='bbox 2703 3764 2811 3829; x_wconf 87' lang='grc'>86.</span> 
     </span>
     <span class='ocr_line' id='line_1_37' title="bbox 431 3836 2816 3933; baseline 0.003 -23"><span class='ocrx_word' id='word_1_264' title='bbox 431 3846 606 3911; x_wconf 74' lang='lat' dir='ltr'>Dist.</span> <span class='ocrx_word' id='word_1_265' title='bbox 652 3836 757 3925; x_wconf 85' lang='lat'>2.)</span> <span class='ocrx_word' id='word_1_266' title='bbox 815 3844 1176 3925; x_wconf 87' lang='lat' dir='ltr'>Definitiva‚</span> <span class='ocrx_word' id='word_1_267' title='bbox 1243 3864 1407 3926; x_wconf 87' lang='lat' dir='ltr'>quae</span> <span class='ocrx_word' id='word_1_268' title='bbox 1464 3848 1888 3929; x_wconf 88' lang='lat' dir='ltr'>principalem</span> <span class='ocrx_word' id='word_1_269' title='bbox 1946 3848 2167 3914; x_wconf 86' lang='lat' dir='ltr'>definit</span> <span class='ocrx_word' id='word_1_270' title='bbox 2226 3851 2685 3933; x_wconf 86' lang='lat' dir='ltr'>quaestionem,</span> <span class='ocrx_word' id='word_1_271' title='bbox 2750 3857 2816 3917; x_wconf 91' lang='lat' dir='ltr'>et</span> 
     </span>
     <span class='ocr_line' id='line_1_38' title="bbox 435 3933 2814 4018; baseline 0.003 -21"><span class='ocrx_word' id='word_1_272' title='bbox 435 3952 695 4015; x_wconf 89' lang='lat' dir='ltr'>semper</span> <span class='ocrx_word' id='word_1_273' title='bbox 740 3933 1027 3999; x_wconf 86' lang='lat' dir='ltr'>continet</span> <span class='ocrx_word' id='word_1_274' title='bbox 1072 3933 1663 4000; x_wconf 89' lang='lat' dir='ltr'>condemnationem</span> <span class='ocrx_word' id='word_1_275' title='bbox 1700 3936 1799 4001; x_wconf 86' lang='lat' dir='ltr'>vel</span> <span class='ocrx_word' id='word_1_276' title='bbox 1844 3936 2329 4017; x_wconf 87' lang='lat' dir='ltr'>absolutionem,</span> <span class='ocrx_word' id='word_1_277' title='bbox 2379 3956 2682 4018; x_wconf 87' lang='lat' dir='ltr'>expresse</span> <span class='ocrx_word' id='word_1_278' title='bbox 2714 3940 2814 4003; x_wconf 92' lang='lat' dir='ltr'>vel</span> 
     </span>
     <span class='ocr_line' id='line_1_39' title="bbox 431 4014 2571 4111; baseline 0.003 -28"><span class='ocrx_word' id='word_1_279' title='bbox 431 4021 822 4101; x_wconf 84' lang='lat' dir='ltr'>virtualiter3</span> <span class='ocrx_word' id='word_1_280' title='bbox 874 4020 1152 4101; x_wconf 89' lang='lat' dir='ltr'>alioquin</span> <span class='ocrx_word' id='word_1_281' title='bbox 1200 4041 1326 4087; x_wconf 91' lang='lat' dir='ltr'>non</span> <span class='ocrx_word' id='word_1_282' title='bbox 1373 4023 1542 4087; x_wconf 88' lang='lat' dir='ltr'>valet</span> <span class='ocrx_word' id='word_1_283' title='bbox 1592 4014 1710 4104; x_wconf 92' lang='lat' dir='ltr'>(B.</span> <span class='ocrx_word' id='word_1_284' title='bbox 1758 4023 1865 4090; x_wconf 86' lang='grc'>86.</span> <span class='ocrx_word' id='word_1_285' title='bbox 1914 4024 2071 4089; x_wconf 72' lang='lat' dir='ltr'>Dist</span> <span class='ocrx_word' id='word_1_286' title='bbox 2115 4027 2163 4092; x_wconf 83' lang='lat'><em>3</em></span> <span class='ocrx_word' id='word_1_287' title='bbox 2208 4034 2263 4089; x_wconf 83' lang='lat' dir='ltr'>ct</span> <span class='ocrx_word' id='word_1_288' title='bbox 2308 4014 2411 4106; x_wconf 80' lang='lat'>4.)</span> <span class='ocrx_word' id='word_1_289' title='bbox 2568 4108 2571 4111; x_wconf 7' lang='grc' dir='ltr'><strong><em>ἦ</em></strong></span> 
     </span>
    </p>

    <p class='ocr_par' dir='ltr' id='par_1_14' title="bbox 619 4109 2811 4195">
     <span class='ocr_line' id='line_1_40' title="bbox 619 4109 2811 4195; baseline 0.003 -22"><span class='ocrx_word' id='word_1_290' title='bbox 619 4109 695 4174; x_wconf 94' lang='lat' dir='ltr'>In</span> <span class='ocrx_word' id='word_1_291' title='bbox 763 4110 1211 4191; x_wconf 89' lang='lat' dir='ltr'>appellationis</span> <span class='ocrx_word' id='word_1_292' title='bbox 1278 4112 1599 4175; x_wconf 87' lang='lat' dir='ltr'>sententia</span> <span class='ocrx_word' id='word_1_293' title='bbox 1667 4130 1792 4177; x_wconf 91' lang='lat' dir='ltr'>non</span> <span class='ocrx_word' id='word_1_294' title='bbox 1856 4118 1959 4179; x_wconf 91' lang='lat' dir='ltr'>est</span> <span class='ocrx_word' id='word_1_295' title='bbox 2025 4132 2323 4195; x_wconf 79' lang='lat' dir='ltr'>necesse,</span> <span class='ocrx_word' id='word_1_296' title='bbox 2386 4112 2557 4193; x_wconf 90' lang='lat' dir='ltr'>quod</span> <span class='ocrx_word' id='word_1_297' title='bbox 2611 4112 2811 4191; x_wconf 85' lang='lat' dir='ltr'>judex</span> 
     </span>
    </p>
   </div>
   <div class='ocr_carea' id='block_1_13' title="bbox 426 4187 2808 4367">
    <p class='ocr_par' dir='ltr' id='par_1_15' title="bbox 426 4187 2808 4367">
     <span class='ocr_line' id='line_1_41' title="bbox 426 4187 2808 4284; baseline 0.003 -23"><span class='ocrx_word' id='word_1_298' title='bbox 426 4197 618 4277; x_wconf 88' lang='lat' dir='ltr'>dicat,</span> <span class='ocrx_word' id='word_1_299' title='bbox 686 4187 1021 4280; x_wconf 86' lang='lat' dir='ltr'>„absolvo“</span> <span class='ocrx_word' id='word_1_300' title='bbox 1087 4199 1186 4261; x_wconf 91' lang='lat' dir='ltr'>vel</span> <span class='ocrx_word' id='word_1_301' title='bbox 1254 4191 1707 4280; x_wconf 85' lang='lat' dir='ltr'>„condemno,“</span> <span class='ocrx_word' id='word_1_302' title='bbox 1778 4201 1890 4266; x_wconf 91' lang='lat' dir='ltr'>sed</span> <span class='ocrx_word' id='word_1_303' title='bbox 1939 4207 2185 4268; x_wconf 88' lang='lat' dir='ltr'>tantum</span> <span class='ocrx_word' id='word_1_304' title='bbox 2262 4192 2641 4284; x_wconf 88' lang='lat' dir='ltr'>„confirmo“</span> <span class='ocrx_word' id='word_1_305' title='bbox 2709 4204 2808 4268; x_wconf 90' lang='lat' dir='ltr'>vel</span> 
     </span>
     <span class='ocr_line' id='line_1_42' title="bbox 427 4278 1539 4367; baseline 0.002 -18"><span class='ocrx_word' id='word_1_306' title='bbox 427 4285 714 4367; x_wconf 87' lang='lat' dir='ltr'>„infirmo</span> <span class='ocrx_word' id='word_1_307' title='bbox 760 4287 1042 4367; x_wconf 89' lang='lat' dir='ltr'>priorem</span> <span class='ocrx_word' id='word_1_308' title='bbox 1092 4278 1539 4351; x_wconf 85' lang='lat' dir='ltr'>sententiam.“</span> 
     </span>
    </p>
   </div>
   <div class='ocr_carea' id='block_1_14' title="bbox 622 4409 2482 4551">
    <p class='ocr_par' dir='ltr' id='par_1_16' title="bbox 622 4409 2482 4551">
     <span class='ocr_line' id='line_1_43' title="bbox 623 4409 2482 4483; baseline 0.004 -20"><span class='ocrx_word' id='word_1_309' title='bbox 623 4412 803 4463; x_wconf 51' lang='lat' dir='ltr'>(lausa</span> <span class='ocrx_word' id='word_1_310' title='bbox 839 4409 1078 4463; x_wconf 82' lang='lat' dir='ltr'>efficiens</span> <span class='ocrx_word' id='word_1_311' title='bbox 1120 4412 1504 4464; x_wconf 80' lang='lat' dir='ltr'>sententiainm</span> <span class='ocrx_word' id='word_1_312' title='bbox 1545 4418 1674 4464; x_wconf 88' lang='lat' dir='ltr'>sunt</span> <span class='ocrx_word' id='word_1_313' title='bbox 1700 4412 1935 4483; x_wconf 57' lang='lat' dir='ltr'>judicem,</span> <span class='ocrx_word' id='word_1_314' title='bbox 1975 4416 2068 4483; x_wconf 89' lang='lat' dir='ltr'>qui</span> <span class='ocrx_word' id='word_1_315' title='bbox 2104 4430 2195 4469; x_wconf 85' lang='lat' dir='ltr'>eas</span> <span class='ocrx_word' id='word_1_316' title='bbox 2233 4416 2482 4471; x_wconf 82' lang='lat' dir='ltr'>formant.</span> 
     </span>
     <span class='ocr_line' id='line_1_44' title="bbox 622 4482 1571 4551; baseline 0.004 -18"><span class='ocrx_word' id='word_1_317' title='bbox 622 4482 930 4549; x_wconf 87' lang='lat' dir='ltr'>Subjectum</span> <span class='ocrx_word' id='word_1_318' title='bbox 969 4488 1098 4535; x_wconf 88' lang='lat' dir='ltr'>sunt</span> <span class='ocrx_word' id='word_1_319' title='bbox 1125 4484 1218 4551; x_wconf 88' lang='lat' dir='ltr'>jus</span> <span class='ocrx_word' id='word_1_320' title='bbox 1257 4488 1312 4536; x_wconf 92' lang='lat' dir='ltr'>et</span> <span class='ocrx_word' id='word_1_321' title='bbox 1341 4482 1571 4549; x_wconf 82' lang='lat' dir='ltr'>justitia.</span> 
     </span>
    </p>
   </div>
   <div class='ocr_carea' id='block_1_15' title="bbox 621 4553 1775 4620">
    <p class='ocr_par' dir='ltr' id='par_1_17' title="bbox 621 4553 1775 4620">
     <span class='ocr_line' id='line_1_45' title="bbox 621 4553 1775 4620; baseline 0.003 -13"><span class='ocrx_word' id='word_1_322' title='bbox 621 4553 904 4620; x_wconf 85' lang='lat' dir='ltr'>Objectum</span> <span class='ocrx_word' id='word_1_323' title='bbox 941 4560 1071 4607; x_wconf 88' lang='lat' dir='ltr'>sunt</span> <span class='ocrx_word' id='word_1_324' title='bbox 1105 4554 1230 4608; x_wconf 87' lang='lat' dir='ltr'>lites</span> <span class='ocrx_word' id='word_1_325' title='bbox 1268 4558 1323 4608; x_wconf 88' lang='lat' dir='ltr'>et</span> <span class='ocrx_word' id='word_1_326' title='bbox 1359 4555 1775 4611; x_wconf 84' lang='lat' dir='ltr'>controversiae.</span> 
     </span>
    </p>
   </div>
  </div>
 </body>
</html>
