3350 5050
573 551 655 618 32
1356 549 1423 603 V.
1463 547 1801 618 ophthalmii
1836 547 2146 604 ProcessuS.

1077 719 1304 788 'rabula
1341 719 1650 778 monstrant
1684 719 2175 778 instrumentorum
2211 735 2430 791 genera.

1482 864 1959 918 instrumentorum
2224 865 2487 934 originale
2562 883 2657 920 seu
2734 871 2948 939 matrix,

1127 936 1362 1004 publica,
1485 971 1834 1027 donationum
2295 937 2420 992 inde
2508 940 2699 1006 copiae
2787 933 2961 995 desu·'

1078 1024 1216 1074 quae
1255 1008 1412 1060 fidem
2297 1017 2533 1064 muntur.

1113 1080 1380 1146 publicam
1483 1080 1859 1134 mandatorum
2042 1116 2080 1168 h
2225 1082 2383 1148 copia
2444 1099 2537 1135 seu
2608 1089 2943 1151 transsump-

1097 1160 1388 1219 merentur,
1525 1187 1672 1242 rivsse
1714 1189 1882 1242 iorum
2082 1132 2149 1169 ¹¹⁰
2296 1160 2409 1206 tum
2449 1169 2543 1206 seu
2586 1155 2847 1210 Vidimus,

1129 1228 1192 1274 ut
1227 1230 1356 1274 sunt
1485 1205 1518 1254 p
1677 1206 1711 1257 g
2226 1224 2585 1291 protocollum
2678 1243 2773 1280 seu
2852 1229 2943 1281 im·

1139 1294 1357 1347 tabulae
1437 1258 1449 1360 Ι
1495 1301 1739 1349 actorum
1768 1294 1967 1362 judici·
2178 1259 2199 1436 Ι
2298 1297 2609 1352 breviatura
2640 1300 2853 1368 notarii,
2889 1300 2941 1353 in

1435 1361 1458 1432 l
1555 1367 1719 1420 alium
1992 1367 2015 1432 J
2298 1385 2405 1436 qua
2422 1375 2543 1422 acta
2558 1371 2735 1423 notari
2750 1370 2942 1425 solent.

1575 1595 1713 1647 quae
1768 1579 1970 1632 dantur
2026 1579 2359 1635 debitoribus

1575 1649 1643 1702 de
1681 1651 1915 1716 receptis
1954 1652 2191 1706 creditis.

1504 1721 1830 1788 antinoo-hae
1898 1737 1993 1774 seu
2052 1724 2360 1792 cheir-ogra-

599 1619 965 1672 Instrumenta

1504 1508 1751 1575 apochae
1843 1524 1937 1560 seu
2014 1509 2361 1578 quietantiae,

653 1697 780 1743 sunt
816 1695 911 1742 aut
1454 1509 1476 1864 1

1135 1797 1362 1862 privata,

1577 1793 1705 1860 pha,
1757 1794 1951 1860 quibus
1991 1794 2263 1850 debitores
2304 1512 2410 1850 sel
2448 1798 2594 1851 Haec
2616 1800 2662 1852 si
2691 1807 2815 1854 sunt
2838 1817 2945 1853 ma-

1095 1883 1233 1935 quae
1272 1867 1389 1920 sola
1576 1864 1819 1931 obligant
1842 1865 2216 1934 creditoribus,
2236 1884 2361 1922 con·
2460 1887 2529 1922 nu
2564 1872 2932 1926 contrahentis

1083 1938 1404 1993 contrahen-
1443 1868 1468 2040 l
1577 1935 1779 1988 fitendo
1818 1953 1875 1989 se
1916 1937 2020 1990 illis
2062 1937 2270 1993 debere.
2484 1943 2704 2010 scripta,
2751 1943 2907 2010 plene

1067 2009 1197 2062 tium
1237 2010 1421 2064 volun·
1503 2007 1718 2061 codices
1773 2010 2059 2077 rationum,
2125 2026 2221 2063 seu
2284 2027 2363 2064 re·
2448 2014 2714 2080 probant3
2750 2015 2947 2082 sinon,

1078 2089 1188 2134 tate
1229 2082 1404 2133 nitun-
1577 2085 1731 2147 gesta
1822 2087 2177 2134 mercatorum
2270 2097 2364 2134 seu
2502 2085 2692 2138 saltem
2734 2102 2889 2153 prae·

1139 2161 1242 2220 tur,
1283 2160 1343 2206 ut
1575 2151 1847 2220 opificum,
1886 2152 1939 2204 in
1976 2153 2168 2220 quibus
2196 2170 2365 2222 quan·
2580 2164 2814 2210 sumunt.

1575 2223 1703 2275 titas
1792 2223 2095 2276 mercedum
2180 2223 2368 2278 referri

1576 2293 1717 2348 solet

1505 2365 1786 2433 epistolae,
1835 2381 1973 2434 quae
2026 2367 2223 2420 absens
2274 2367 2366 2421 ab·

1029 2439 1052 2510 [
1576 2439 1716 2490 senti
1754 2437 1929 2490 mittit.

1448 2709 1572 2781 De
1621 2709 2070 2783 testamentis.
2110 2718 2119 2732 “

1457 2895 1781 2960 Titulus
1827 2896 2067 2962 XVIII.

764 3048 930 3127 Quia
974 3048 1376 3127 frequentior
1421 3052 1521 3111 est
1562 3064 1714 3111 usus
1761 3052 2291 3111 testamentorum
2340 3052 2409 3113 et
2453 3068 2673 3114 eorum
2720 3049 2957 3114 instru-

569 3143 786 3201 menta
819 3137 1108 3201 crebrius
1156 3136 1326 3215 apud
1374 3152 1489 3200 nos
1529 3133 1925 3213 judicialiter
1958 3142 2435 3216 oppugnantur:
2485 3140 2706 3217 itaque
2752 3155 2961 3218 pauca

569 3227 650 3289 de
700 3226 778 3289 iis
823 3232 1126 3305 tanquam
1179 3242 1297 3304 per
1344 3222 1805 3302 digressionem
1852 3221 1957 3286 hic
2004 3224 2468 3289 annectendum
2517 3226 2755 3290 censui.

766 3321 1249 3399 Testamentum
1300 3333 1453 3397 nihil
1486 3334 1656 3398 aliud
1706 3338 1827 3413 est,
1870 3351 2058 3412 quam
2111 3333 2453 3400 voluntatis
2484 3340 2747 3400 nostrae
2785 3336 2961 3415 justa

567 3424 892 3491 sententia
924 3424 1002 3487 de
1051 3442 1148 3503 eo,
1198 3421 1348 3502 quid
1398 3423 1537 3500 quis
1583 3427 1733 3502 post
1763 3428 2035 3485 mortem
2081 3440 2257 3486 suam
2306 3422 2447 3486 fieri
2484 3424 2656 3488 velit.
2708 3424 2961 3488 Dictum

569 3514 756 3593 quasi
803 3512 1066 3576 testatio
1114 3511 1363 3575 mentis,
1412 3500 1456 3589 (
1453 3513 1538 3575 D.
1589 3509 1694 3572 42.
1748 3509 1921 3574 Dist.
1978 3510 2011 3573 1
2066 3518 2123 3573 et
2164 3502 2267 3589 2.)

762 3620 1048 3699 Quilibet
1102 3639 1226 3686 non
1273 3618 1632 3699 prohibitus
1694 3636 1811 3698 pro
1860 3636 1977 3682 sua
2023 3618 2352 3683 voluntate
2416 3625 2633 3701 potest
2680 3620 2961 3699 condere

569 3715 1042 3775 testamentum.
1116 3708 1204 3771 Et
1249 3707 1612 3786 Imperator
1653 3707 1894 3784 inquit:
1958 3706 2027 3770 Si
2073 3708 2215 3786 quis
2275 3708 2419 3773 dolo
2484 3709 2650 3774 malo
2712 3707 2957 3788 fecerit,

569 3805 644 3862 ut
687 3803 891 3862 testes
941 3816 1065 3862 non
1113 3797 1395 3874 veniant,
1443 3800 1510 3859 et
1556 3813 1674 3875 per
1707 3793 1827 3858 hoc
1876 3794 2238 3859 defficiatur
2284 3795 2555 3861 facultas
2587 3800 2959 3861 testamenti

561 3885 872 3964 ‚laciendi,
923 3884 1347 3964 denegandae
1393 3888 1542 3947 sunt
1586 3884 1645 3947 ei
1694 3883 1996 3963 actiones,
2047 3884 2155 3962 qui
2202 3884 2345 3947 dolo
2393 3884 2568 3964 fecit,
2619 3888 2751 3950 sive
2796 3884 2956 3968 legi-

569 3976 762 4038 timus
827 3973 1018 4037 heres
1064 3975 1165 4053 sit,
1233 3972 1366 4035 sive
1412 3972 1630 4051 priore
1694 3975 2078 4036 testamento
2110 3972 2409 4052 scriptus.
2458 3972 2709 4037 Fratris
2743 3976 2955 4037 autem

569 4062 814 4127 factum
845 4059 1033 4125 fratri
1063 4078 1187 4124 non
1237 4067 1444 4125 nocet.
1497 4060 1580 4122 Et
1611 4057 1794 4124 alibi:
1844 4058 1997 4140 Eos,
2033 4059 2139 4138 qui
2186 4079 2267 4124 ne
2299 4063 2751 4125 testamentum
2784 4060 2955 4125 ordi-

568 4156 780 4229 netur,
830 4149 1287 4230 impedimento
1333 4146 1529 4212 fuisse
1581 4153 2037 4227 monstrantur,
2087 4147 2263 4211 velut
2307 4147 2958 4229 indignaspersonas

571 4257 610 4302 a
657 4238 1082 4302 successionis
1129 4235 1502 4316 compendio
1549 4236 1887 4315 removeri,
1936 4236 2338 4300 celeberrimi
2384 4244 2486 4300 est
2520 4237 2707 4318 JuriS.

763 4346 1007 4427 Estque
1067 4345 1335 4427 duplex:
1407 4346 1683 4411 Solenne
1739 4363 1852 4409 seu
1900 4347 2206 4427 scriptum
2254 4335 2381 4425 (D.
2450 4346 2557 4413 43.
2606 4347 2783 4413 Diat.
2829 4338 2954 4427 2.)‚

569 4440 637 4502 et
687 4434 1190 4515 nuncupativum
1223 4425 1346 4515 (D.
1379 4424 1546 4514 45),
1594 4440 1786 4514 prout
1818 4433 2039 4499 videre
2087 4440 2185 4499 est
2230 4453 2307 4497 ex
2354 4441 2663 4515 sequente
2721 4436 2959 4500 tabula.
