3350 5050
1457 522 1564 576 Tit.
1605 523 1673 579 x.
1712 531 1767 578 et
1800 524 1897 580 x1.
2096 555 2104 563 -
2784 537 2869 606 23

1004 665 1232 738 tilabula,
1269 673 1574 731 mmntrans
1610 673 1925 736 divi-ionem
1960 681 2349 754 exceptionum.

1478 769 1546 822 ad
1587 772 2193 842 minus‘competentem
2221 778 2461 844 judicem
2506 785 2743 849 vocetur,

1478 850 1780 968 aet'oi'litleizn
1838 847 2040 902 habeat
2073 848 2279 915 justam
2324 857 2555 905 aetatem
2595 852 2777 904 standi
2814 853 2867 906 in

1479 931 1604 1040 no'iiu
1625 986 1729 1039 rite
1754 956 1870 1055 ’pro
1909 991 2299 1045 consuetudine
2334 991 2439 1048 fori
2476 993 2549 1046 sit
2583 995 2799 1048 citatae.

984 801 1370 859 declinatoriae
1431 775 1460 912 J

1053 875 1174 944 fori,
1212 876 1376 930 veluti

1055 949 1256 1016 siquis
1429 915 1462 1053 l

983 1123 1270 1180 dilatoriae
1309 1129 1609 1198 solutioniS,
1646 1135 1708 1182 ut
1745 1131 1790 1184 si
1829 1137 1914 1185 est
1950 1140 2169 1200 pactum
2208 1135 2275 1190 de
2310 1153 2420 1192 non
2458 1141 2681 1204 petente
2721 1137 2865 1192 intra

975 1200 982 1213 ·
1057 1203 1262 1251 certum
1301 1205 1528 1268 tempus

1866 1351 1915 1404 1.
1954 1347 2034 1401 rei
2072 1347 2379 1418 judicatae,
2443 1367 2583 1419 quae
2620 1353 2871 1406 renovari

1934 1434 2044 1541 111pn
2094 1424 2280 1560 potest
2324 1423 2414 1492 (Q.
2456 1428 2506 1481 6.
2562 1423 2662 1478 Jus
2708 1421 2870 1478 Prov.

1869 1563 1917 1618 2.
1956 1563 2369 1629 transactionis3
2446 1563 2595 1631 quod
2678 1581 2871 1633 nempe

1515 1629 1676 1702 facti,·
1708 1637 1769 1684 ut
1938 1632 2181 1700 legitima
2206 1634 2574 1689 transactione
2600 1644 2685 1690 est
2728 1637 2872 1704 sopi-

1516 1704 1765 1771 exceptio
1939 1710 2069 1773 tum,
2095 1703 2149 1758 id
2170 1704 2403 1774 amplius
2422 1707 2734 1761 resuscitati
2760 1725 2871 1763 non

1940 1775 2101 1829 debet
2141 1777 2230 1845 (Q.
2269 1781 2319 1834 8.
2358 1777 2459 1831 Jus
2498 1777 2653 1834 Prov.
2696 1779 2764 1833 D.
2790 1781 2868 1848 8.)

1868 1851 1916 1905 3.
1956 1845 2066 1900 litis
2090 1847 2294 1918 finitae,
2339 1848 2557 1916 quando
2586 1850 2680 1918 jus
2708 1866 2865 1919 prae·

1940 1919 2235 1986 scriptione
2270 1926 2357 1974 est
2375 1920 2627 1975 amissum
2668 1925 2764 1990 (A.
2784 1924 2873 1990 52,

1939 1991 2003 2044 F.
2032 1992 2119 2061 21,
2159 1991 2260 2045 Jus
2301 1991 2460 2046 Prov.
2485 1993 2553 2048 D.
2581 1997 2695 2062 37.)

488 1711 873 1790 ExceptioneS,

541 1842 681 1895 quae
703 1843 916 1882 reorum

545 1949 696 1987 “rma
729 1935 913 1989 dicun·
987 1954 1400 2024 peremptoriae,

545 2047 649 2108 tur,
671 2049 798 2094 sunt
822 2049 932 2096 aut·
1046 2040 1185 2092 quae
1210 2023 1412 2078 facturn

1045 2095 1416 2234 ggfliffiffiffjgt
1868 2139 2041 2187 metus
2114 2149 2312 2202 causa3
2379 2133 2426 2186 si
2481 2137 2610 2220 quid
2679 2152 2872 2204 nempe

1045 2245 1172 2292 gunt
1209 2210 1329 2292 ἆυ(
1939 2210 2113 2274 metus
2165 2221 2333 2260 eausa
2394 2223 2718 2272 promrssum
2779 2215 2875 2261 aut

1937 2276 2138 2329 factum
2194 2284 2297 2347 est,
2370 2277 2515 2334 illius
2572 2279 2721 2333 nulla
2786 2285 2872 2332 est

1938 2347 2215 2415 obligatiO.

1867 2417 1977 2473 (loli
2011 2419 2169 2486 mali3
2198 2427 2512 2475 contractus
2534 2437 2727 2489 nempe
2746 2421 2871 2476 dolo

1940 2489 2081 2614 malllo
2120 2491 2403 2561 inductae,
2450 2492 2571 2561 ipso
2613 2493 2740 2561 jure
2786 2500 2870 2547 est

1938 2578 2013 2614 nu
2058 2580 2139 2617 us,

1867 2634 2096 2704 erroris,
2146 2641 2208 2688 ut
2258 2638 2305 2689 si
2356 2641 2485 2703 puto
2524 2650 2610 2689 me
2650 2636 2869 2707 debere,

1939 2706 2085 2775 quod
2125 2722 2233 2761 non
2272 2708 2457 2763 debeo.

1867 2794 1977 2831 non
2015 2784 2327 2833 numeratae
2364 2778 2655 2847 pecuniae,
2708 2794 2869 2847 quam

1940 2851 2157 2917 speravi
2192 2856 2247 2905 te
2283 2856 2707 2906 numeraturum.

1505 2454 1665 2521 juriS,
1704 2461 1765 2506 ut

1515 2526 1761 2594 exceptio

984 3086 1108 3157 De
1159 3085 1583 3183 usucapione
1630 3110 1747 3157 seu
1790 3084 2372 3183 praescriptione.

1401 3245 1779 3309 Titulus
1846 3247 1961 3311 XI.

684 3382 850 3459 Quia
873 3382 1176 3462 usucapio
1203 3398 1316 3445 seu
1342 3380 1770 3463 praescriptio
1795 3380 2238 3462 principaliter
2262 3382 2341 3445 ad
2370 3381 2479 3461 jus
2513 3384 2871 3463 excipiendi

494 3472 801 3551 pertinet,
852 3475 918 3532 et
946 3470 1164 3533 titulus
1205 3470 1284 3532 de
1334 3468 1606 3533 diversis
1645 3472 1714 3533 et
1756 3468 2217 3550 temporalibus
2262 3472 2874 3551 praescriptionibus

494 3563 644 3639 post
672 3556 954 3636 reliquas
998 3557 1442 3637 exceptionum
1477 3556 1725 3637 species
1756 3557 1819 3619 in
1864 3556 1927 3620 ff.
1954 3556 2390 3638 subjungitur:
2429 3559 2626 3638 igitur
2652 3558 2875 3624 ordine

490 3647 582 3712 sic
641 3645 1035 3725 requirente,
1095 3643 1387 3710 absoluto
1434 3645 1879 3725 exceptionum
1926 3644 2131 3724 titulo,
2196 3646 2277 3711 de
2323 3647 2713 3727 usucapione
2759 3666 2872 3712 seu

491 3734 998 3815 praescriptione
1045 3752 1252 3814 pauca
1295 3731 1398 3797 hic
1443 3732 1732 3798 inserere
1780 3734 1981 3797 visum
2028 3740 2145 3799 est.

689 3822 1013 3903 Usucapio
1049 3821 1281 3886 dicitur
1303 3820 1578 3899 adjectio
1613 3822 1876 3885 dominii
1906 3840 2024 3903 per
2046 3821 2593 3887 continuationem
2618 3841 2870 3903 posses-

492 3911 689 3975 sionis
737 3910 1046 3990 temporis
1079 3909 1219 3990 lege
1253 3908 1499 3972 definiti
1546 3900 1658 3988 (F.
1694 3900 1843 3989 28.)
1861 3934 1887 3988 ;
1933 3915 2002 3975 et
2038 3910 2535 3991 appellationem
2568 3911 2766 3977 habet
2796 3931 2874 3977 ex

490 4017 593 4079 eo,
643 3998 814 4078 quod
861 3997 991 4062 solo
1039 4016 1178 4077 usu,
1227 3996 1346 4061 hoc
1392 4001 1511 4077 est,
1560 3997 1967 4079 possessione
2012 4015 2117 4062 res
2163 3998 2475 4078 capiatur.

689 4086 1012 4166 Usucapio
1058 4085 1424 4150 introducta
1469 4092 1570 4149 est
1613 4086 1777 4151 bono
1824 4085 2103 4166 publice,
2171 4104 2252 4150 ne
2300 4086 2545 4151 scilicet
2591 4107 2867 4169 quarun-

493 4176 717 4239 darum
765 4192 982 4239 rerum
1031 4174 1138 4238 diu
1186 4178 1254 4239 et
1297 4172 1430 4237 fere
1477 4182 1732 4254 semper
1777 4174 2027 4239 incerta
2061 4174 2343 4239 dominia
2390 4181 2623 4256 essent,
2672 4195 2867 4256 quum

492 4262 818 4327 sufficeret
887 4263 1158 4328 dominis
1225 4262 1308 4327 ad
1375 4262 1791 4341 inquirendas
1860 4281 1967 4329 res
2044 4280 2191 4329 suas
2267 4264 2492 4329 statuti
2562 4266 2867 4346 temporis

493 4352 791 4432 spatium.
821 4352 910 4415 Et
937 4350 1153 4417 differt
1182 4370 1221 4415 a
1251 4350 1783 4431 praescriptione,
1810 4352 1981 4431 quod
2014 4351 2123 4416 illa
2154 4353 2239 4417 sit
2266 4370 2484 4416 rerum
2518 4352 2869 4433 mobilium,

490 4439 652 4504 haec
698 4458 850 4504 vero
895 4438 1330 4513 immobilium,
1379 4439 1498 4518 vel,
1559 4439 1730 4518 quod
1774 4440 1886 4505 illa
1946 4440 2029 4503 sit
2075 4440 2411 4519 acquisitio
2446 4439 2709 4505 dominii
2752 4460 2871 4521 per

491 4528 995 4609 possessionem,
1069 4526 1355 4607 legitimo
1428 4532 1723 4608 tempore
1804 4528 2283 4606 continuatum;
2340 4527 2501 4593 haec
2578 4546 2731 4592 vero
2792 4530 2878 4593 sit
