3350 5050
503 422 634 491 260
1565 419 1836 477 stransku

506 578 584 625 ac
613 560 761 626 boni
793 560 1142 627 communis
1175 566 1533 625 curatores.
1581 560 1681 625 De
1726 560 1805 627 iis
1851 578 2121 641 quorum
2166 560 2421 625 modica
2466 564 2568 625 est
2604 567 2889 642 potestas

508 654 575 714 et
622 650 702 714 ob
748 648 1070 715 hominum
1115 648 1614 730 infrequentiam
1676 650 1892 715 rarior
1951 647 2293 713 functionis
2337 665 2512 729 usuS,
2576 650 2890 731 vulgoque

510 742 662 803 uota
707 739 1004 816 tenuitaS‚
1055 739 1253 802 verba
1299 736 1499 803 multa
1544 737 1779 816 facere,
1828 754 1933 801 res
1981 744 2155 802 esset
2198 736 2411 817 nihili;
2461 753 2541 802 ea
2580 739 2893 805 duntaxat

508 842 776 891 munera
835 844 950 891 seu
1011 823 1240 905 officia,
1310 843 1476 905 quae
1521 824 1584 889 in
1623 825 1882 907 'oppidis
1930 825 2323 905 urbibusque
2374 827 2889 906 populosioribus

508 912 760 994 publice
787 930 863 979 ac
885 917 1201 995 perpetuo
1226 913 1534 991 obtinent,
1566 916 1634 978 et
1655 930 1923 994 quorum
1950 932 2075 977 non
2104 912 2384 993 vulgaris
2412 918 2512 977 est
2534 914 2891 983 authoritas

509 1005 701 1082 atque
741 1000 1102 1080 jurisdictio
1147 1001 1327 1080 libet,
1389 1001 1767 1081 compendio
1826 1018 2346 1067 commemorare.
2406 1002 2639 1067 Munus
2696 1005 2894 1083 igitur

509 1088 926 1171 praecipuum
1002 1089 1065 1153 in
1143 1089 1408 1156 urbibus
1483 1088 1971 1169 municipiisque
2047 1094 2168 1166 est,
2251 1089 2419 1168 quod
2497 1088 2888 1157 Senatum

511 1176 906 1243 Civitatis
955 1196 1266 1259 vocamuS,
1316 1176 1661 1243 Consilium
1694 1196 1923 1259 nempe
1961 1177 2026 1241 in
2057 1176 2303 1256 Majore
2335 1176 2645 1257 Novaque
2675 1179 2889 1261 Praga

511 1264 1159 1345 Octodecim-Virale‚
1193 1265 1256 1330 in
1290 1265 1568 1331 caeteris
1599 1265 1867 1331 urbibus
1891 1269 1960 1330 et
1984 1264 2235 1345 oppidis
2258 1265 2887 1349 Duodecim-virale,

508 1355 790 1434 itemque
841 1352 1274 1419 Praetura.
1341 1354 1615 1419 Senatus
1669 1352 1776 1419 hic
1830 1352 1965 1418 sive
2024 1354 2351 1418 consilium
2408 1360 2727 1420 armatum
2792 1363 2893 1421 est

469 1460 474 1465 ·
511 1448 646 1509 tam
689 1440 956 1522 majore,
1006 1460 1197 1523 quam
1243 1442 1508 1519 minore,
1563 1441 1626 1505 in
1674 1439 2111 1506 criminalibus
2170 1442 2417 1522 pariter
2476 1449 2543 1507 et
2602 1444 2893 1522 civilibus

509 1531 743 1610 causis,
805 1528 1264 1609 jurisdictione.
1333 1528 1546 1609 Allegi
1603 1528 1666 1592 in
1728 1528 1849 1594 hoc
1910 1530 2235 1594 consilium
2294 1548 2413 1609 per
2472 1530 2649 1610 leges
2706 1551 2891 1598 nemo

507 1621 738 1701 potest,
785 1620 896 1699 qui
939 1635 1066 1682 non
1112 1618 1290 1698 prius
1336 1618 1686 1683 triennium
1733 1623 1878 1699 post
1916 1616 2022 1696 jus
2067 1618 2341 1683 civitatis
2382 1620 2782 1701 acquisitum,
2830 1623 2892 1685 in

509 1706 736 1772 civium
796 1723 1065 1772 numero
1127 1705 1537 1786 transegerit,
1609 1702 1917 1770 oneribus
1975 1706 2446 1773 communitatis
2516 1711 2894 1785 assueverit,

506 1795 888 1875 intereaque
950 1795 1445 1859 consuetudines
1513 1792 1761 1873 patrias
1828 1793 2238 1859 familiariter
2300 1794 2737 1860 condidicerit.
2810 1798 2897 1861 Et

509 1882 800 1962 quamvis
859 1886 991 1947 tam
1051 1882 1118 1945 in
1174 1882 1529 1961 capiundiS,
1597 1899 1790 1962 quam
1848 1881 1913 1945 in
1975 1882 2286 1947 obeundis
2345 1882 2445 1947 his
2507 1885 2897 1957 muneribus,

510 1969 835 2050 singulare
883 1968 1121 2050 aliquid
1167 1969 1314 2034 inde
1366 1988 1406 2033 a
1450 1974 1763 2051 tempore,
1810 1968 1991 2050 cujus
2037 1988 2163 2035 non
2210 1977 2312 2034 est
2350 1973 2675 2049 memoria,
2726 1972 2901 2038 locus

488 2059 650 2124 -fere
708 2059 1144 2138 unusquisque
1204 2077 1283 2124 ex
1330 2058 1793 2123 consuetudine
1840 2058 2205 2122 inveterata
2252 2057 2595 2125 observen-
2648 2061 2714 2125 in
2753 2060 2901 2141 jure

510 2152 729 2212 tamen
790 2146 1062 2211 dicundo
1126 2146 1361 2228 ubique
1425 2150 1524 2211 est
1581 2165 1701 2227 pro
1760 2164 1985 2210 norma
2023 2145 2129 2225 jus
2175 2147 2449 2226 patrium
2496 2148 2898 2231 municipale,

513 2235 682 2315 quod
704 2234 921 2315 Praga
937 2234 1171 2299 matrix
1188 2235 1619 2316 amplectitur,
1645 2234 1941 2313 quodque
1960 2239 2229 2316 propter
2252 2253 2432 2299 usum
2456 2235 2515 2300 in
2540 2235 2899 2318 municipiis

515 2340 909 2388 communem
940 2322 1182 2387 Prdwo
1214 2322 1501 2388 Μέετεῖεέ
1532 2322 1785 2387 dicitur.
1835 2320 1908 2385 In
1943 2320 2188 2385 Senatu
2216 2321 2336 2387 hoc
2367 2324 2609 2403 urbico,
2658 2327 2899 2404 primus

518 2410 776 2491 quidem
825 2411 1068 2490 absque
1117 2409 1558 2476 controversia
1603 2410 1831 2475 ordine
1878 2416 1995 2489 est,
2045 2411 2154 2489 qui
2202 2412 2603 2477 commodata
2647 2414 2831 2478 nobis
2863 2432 2903 2477 a

517 2500 764 2566 Latinis
829 2516 980 2565 voce
1029 2498 1294 2564 Primae
1358 2506 1416 2564 et
1458 2496 1821 2582 Ηοιψοιῑάτζ
1865 2498 2081 2564 Μέεῐα
2140 2498 2477 2578 salutatur,
2541 2501 2774 2582 quique
2834 2504 2900 2567 in

517 2588 778 2653 consilio
826 2589 1103 2653 omnium
1153 2586 1399 2669 primus
1445 2587 1831 2651 sententiam
1878 2586 2041 2651 solet
2071 2587 2289 2666 rogari
2322 2593 2390 2650 et
2422 2607 2461 2651 a
2492 2590 2901 2656 multitudine

517 2676 683 2741 omni
711 2693 870 2755 prae
897 2676 1038 2741 aliis
1062 2674 1400 2754 honorari;
1451 2674 1869 2739 decernendis
1905 2680 2140 2752 tamen,
2190 2677 2439 2754 quoties
2473 2683 2657 2743 actor
2686 2679 2901 2756 instat,

515 2783 772 2829 reorum
831 2763 895 2827 in
935 2761 1040 2841 jus
1087 2761 1516 2842 citationibuS,
1567 2763 1853 2840 cogendo
1902 2761 2189 2840 Senatui,
2254 2765 2611 2830 tractandis
2675 2767 2897 2832 ordine

516 2852 811 2932 negotiis,
860 2851 1208 2930 dirigendis
1239 2849 1538 2930 consiliiS,
1584 2850 1890 2930 rogandis
1936 2849 2517 2931 concludendisque
2549 2855 2900 2932 sententiis,

516 2939 898 3005 nominando
951 2957 1033 3003 ex
1088 2939 1368 3019 collegis,
1433 2957 1511 3003 ac
1576 2931 1773 3016 (quod
1836 2955 2049 3002 coram
2110 2957 2206 3016 eo,
2270 2939 2448 3015 cujus
2504 2959 2609 3006 res
2670 2942 2903 3021 agitur,

515 3026 680 3094 solet
719 3020 912 3106 fieri),
960 3027 1043 3091 ad
1077 3026 1414 3091 dicendum
1445 3025 1776 3090 invitando
1810 3027 2503 3092 senatusconsultorum
2539 3029 2903 3110 promulga-

516 3117 660 3192 tori,
711 3115 978 3181 clavium
1026 3119 1094 3180 et
1139 3114 1325 3194 sigilli
1373 3113 1610 3196 publici
1659 3113 2010 3188 custodiae,
2075 3114 2450 3181 moderatur
2496 3117 2733 3183 Consul
2772 3119 2903 3182 sive

518 3205 762 3270 Civium
794 3203 1120 3282 magister.
1155 3201 1556 3268 Menstruum
1597 3206 1811 3265 autem
1843 3200 2071 3265 saltem
2101 3207 2200 3266 est
2230 3204 2402 3283 apud
2434 3223 2568 3285 nos,
2600 3204 2902 3285 quemad-

519 3293 772 3356 modum
838 3291 1007 3372 apud
1064 3289 1488 3357 Athenienses
1557 3291 1898 3372 prytaneia
1966 3289 2115 3354 olim
2178 3289 2315 3368 fuit,
2388 3293 2723 3358 consulare
2783 3293 2907 3359 hoc

518 3378 814 3456 officium,
863 3397 988 3461 quo
1033 3378 1100 3442 in
1146 3380 1370 3448 orbem
1418 3376 1684 3458 defungi
1729 3377 1901 3443 intra
1948 3383 2301 3443 vertentem
2336 3396 2571 3444 annum
2617 3381 2725 3447 alii
2764 3387 2909 3464 post

519 3468 676 3532 alios
695 3467 919 3533 ordine
938 3466 1164 3546 solent,
1191 3464 1421 3546 singuli
1443 3465 2068 3532 Duodecim-viralis
2085 3465 2327 3530 consilii
2346 3466 2515 3532 illius
2535 3466 2903 3534 Senatores

521 3557 690 3622 Usus
737 3555 1062 3636 magister,
1108 3559 1182 3617 ut
1226 3555 1394 3632 olim,
1454 3555 1546 3620 ita
1608 3560 1675 3618 et
1720 3571 1946 3634 nuper,
2008 3553 2225 3619 docuit
2282 3560 2539 3621 nostros
2597 3556 2907 3635 homineS,

520 3663 710 3709 unam
743 3642 1200 3723 exaequandae
1225 3641 1548 3708 libertatis
1573 3642 1889 3708 rationem
1916 3658 2080 3721 esse,
2119 3641 2618 3709 vicissitudinem
2645 3645 2903 3725 imperi·

517 3732 695 3797 tandi
725 3725 795 3810 ¹),
845 3731 1442 3811 diuturnioremque
1473 3729 1662 3808 hujus
1696 3728 1950 3810 generis
1980 3729 2044 3792 in
2095 3729 2462 3796 civitatibus
2494 3732 2908 3814 magistratus

519 3816 1157 3896 administrationem,
1205 3819 1337 3884 sive
1385 3825 1782 3894 semestrem,
1832 3816 1965 3882 sive
2012 3835 2309 3897 annuam,
2358 3838 2480 3884 non
2528 3822 2795 3901 perinde
2842 3823 2909 3886 iu

517 3913 740 3974 nostra
782 3907 1116 3988 republica
1161 3911 1234 3971 ut
1277 3907 1343 3971 in
1392 3907 1557 3986 aliis,
1606 3924 1749 3972 esse
1798 3905 2041 3970 civibus
2092 3907 2585 3972 accommodam.
2634 3909 2723 3974 Et
2757 3910 2905 3976 ideo

518 4015 645 4064 non
690 3996 878 4061 facile
909 3995 1000 4074 fit,
1047 3997 1122 4060 ut
1153 3995 1260 4075 qui
1291 3994 1646 4075 funguntur
1692 3994 1812 4058 hoc
1846 3993 2251 4072 magistratu,
2298 3995 2363 4058 in
2412 3994 2617 4076 legem
2649 3997 2905 4076 Juliam,

519 4085 622 4151 vel
692 4081 1049 4166 peculatuS,
1119 4081 1219 4148 vel
1278 4083 1699 4162 residuorum,
1771 4082 1874 4147 vel
1943 4083 2449 4163 repetundarum
2517 4102 2907 4165 magnopere

519 4173 767 4255 possint
834 4175 946 4236 aut
1017 4171 1231 4236 ausint
1296 4168 1695 4252 delinquere.
1766 4169 1888 4234 Est
1972 4179 2190 4234 autem
2256 4173 2433 4236 tanto
2515 4172 2907 4252 splendidior

520 4261 706 4341 hujus
765 4259 1108 4325 functionis
1169 4277 1245 4325 ac
1301 4263 1564 4325 senatus
1634 4257 1817 4322 civici
1878 4256 2177 4338 dignitas,
2246 4263 2485 4337 quanto
2558 4261 2711 4326 urbs
2781 4260 2906 4326 alia

729 4451 774 4520 ¹)
810 4450 996 4504 Livius
1033 4449 1124 4504 lib.
1164 4453 1215 4507 3.
