3350 5050
1160 542 1495 612 Respublica
1530 544 1772 613 BoJema.
1809 545 1943 613 Cap.
1980 543 2101 601 XV.
2687 545 2818 614 265

444 685 623 751 ribus
683 674 867 762 (ann.
933 683 1125 763 1601,
1174 681 1368 761 1614,
1416 682 1609 762 1615,
1663 671 1890 762 1619),
1965 680 2590 747 Pro-Cancellarium
2653 679 2817 745 Ger-

446 789 702 838 manum
774 771 1217 854 praetextibus
1284 771 1479 835 variis
1541 776 1878 834 tentarunt
1928 769 2204 836 Consilio
2264 770 2410 834 huic
2466 767 2815 834 obtrudere

444 860 687 925 Slesiae
735 861 1162 941 Lusatiaeque
1208 857 1487 936 incolae;
1562 865 1784 939 optato
1854 864 2070 922 tamen
2135 876 2438 924 successu
2505 857 2814 922 hactenus

448 949 704 1014 novatio
749 949 875 1012 ista
921 948 1146 1013 caruit.

642 1034 787 1100 Jam
835 1053 993 1116 ergo
1039 1052 1453 1116 quaecunque
1502 1035 1583 1098 ab
1630 1035 1820 1116 hujus
1865 1035 1986 1100 loci
2017 1033 2260 1098 Senatu
2305 1035 2602 1098 conclusa
2645 1033 2816 1114 regis

444 1122 688 1188 calculo
761 1124 1279 1204 comprobantur,
1348 1124 1446 1200 iis,
1516 1123 1569 1186 si
1632 1123 1928 1203 BoJemos
1987 1123 2363 1187 Moravosve
2425 1122 2813 1202 contingant,

444 1212 773 1291 bojemice,
834 1213 931 1276 sin
993 1210 1233 1291 Slesos,
1294 1210 1581 1291 LusatOS‚
1643 1211 2048 1290 CladscanoS‚
2103 1209 2460 1289 ChebanoS,
2507 1209 2814 1274 Cubiten-

444 1318 647 1378 sesve,
694 1300 1062 1381 germanice
1108 1301 1171 1362 in
1218 1300 1599 1379 scripturam
1644 1299 2030 1379 redigendiS,
2079 1297 2429 1363 formularii
2463 1304 2611 1362 sunt
2640 1298 2812 1362 ordi-

444 1389 601 1468 nati,
670 1391 777 1469 qui
840 1389 1025 1452 simul
1087 1405 1163 1450 ac
1221 1386 1888 1453 Archi-cancellarius
1953 1387 2047 1450 vel
2107 1386 2656 1452 Procancellarius
2717 1386 2815 1450 vel

442 1476 843 1542 Secretarius
887 1476 1178 1556 injunxit,
1240 1492 1320 1540 ea
1378 1476 1440 1540 in
1499 1475 1709 1540 forma
1764 1476 2078 1540 materiae
2125 1475 2527 1540 convenienti
2573 1473 2812 1538 descri-

445 1565 615 1630 bant.
664 1565 857 1628 Valet
900 1569 1115 1629 autem
1162 1582 1239 1627 ac
1283 1562 1356 1627 fit
1395 1564 1766 1628 authentica
1814 1571 1946 1628 tum
1994 1563 2247 1628 demum
2287 1562 2447 1628 haec
2477 1563 2812 1642 scriptura,

442 1671 585 1716 cum
648 1670 772 1717 non
836 1651 1023 1716 modo
1081 1651 1163 1716 ab
1218 1651 1415 1731 Rege,
1485 1669 1703 1716 verum
1765 1653 1959 1716 etiam
2025 1652 2104 1716 ab
2161 1650 2815 1729 Archi-Cancellario,

444 1739 1007 1805 Pro-Cancellario
1076 1746 1143 1804 et
1212 1738 1581 1804 Secretario
1657 1741 1923 1820 propria
1996 1757 2187 1803 manu
2261 1744 2364 1803 est
2436 1738 2818 1818 subscripta.

446 1828 729 1893 Necesse
800 1833 1144 1909 praeterea
1215 1835 1333 1908 est,
1404 1835 1494 1907 ut,
1563 1828 1613 1892 si
1685 1829 1747 1892 in
1815 1830 2020 1892 forma
2090 1827 2405 1909 privilegii
2463 1826 2658 1891 fuerit
2718 1825 2816 1890 vel

448 1915 815 1997 diplomatis
875 1916 955 1979 de
1015 1916 1207 1997 plena
1264 1917 1632 1981 testamenti
1689 1915 2004 1980 condendi
2049 1920 2395 1997 potestate,
2455 1921 2570 1979 aut
2616 1913 2816 1980 arduo

446 2003 702 2084 negotio
751 2005 1049 2085 quopiam
1097 2005 1246 2083 alio,
1308 2003 1505 2083 Regis
1567 2003 1773 2082 sigillo
1833 2005 2076 2086 majore
2137 2021 2253 2068 seu
2306 2005 2656 2083 sanctiore;
2717 2003 2815 2066 3111

446 2091 736 2172 protritis
782 2109 863 2156 ac
905 2093 1351 2157 minutioribus
1398 2091 1478 2155 de
1525 2092 1722 2156 rebus
1768 2092 2062 2172 caeteris,
2127 2093 2372 2156 minore
2429 2109 2544 2156 seu
2599 2091 2814 2171 vulga-

443 2180 627 2260 tiore‚
689 2181 979 2260 signetur
1026 2198 1103 2245 ac
1147 2181 1491 2245 muniatur.
1564 2179 1796 2244 Verbis
1854 2198 2050 2262 porro
2114 2180 2557 2259 mandatisque
2621 2179 2818 2258 regiis

442 2285 560 2333 sua
624 2268 861 2346 ubique
931 2273 1181 2333 constat
1249 2267 1609 2332 authoritas
1678 2285 1951 2349 semper,
2021 2267 2307 2347 fidesque
2379 2268 2458 2331 ab
2523 2267 2816 2333 omnibus

444 2355 723 2420 habetur
770 2361 836 2419 et
880 2355 1084 2421 honor
1129 2356 1459 2434 maximuS,
1521 2373 1723 2435 usque
1779 2357 1960 2436 ade0,
2023 2362 2095 2420 ut
2138 2356 2192 2420 si
2238 2355 2379 2434 quis
2429 2355 2527 2418 vel
2578 2371 2816 2419 morem

444 2444 521 2508 iis
582 2444 907 2508 detrectet
963 2462 1193 2525 gerere
1252 2445 1348 2508 vel
1410 2445 1476 2508 in
1538 2443 1748 2524 aliquo
1807 2446 1975 2509 ausit
2036 2446 2376 2525 derogare,
2446 2444 2704 2524 impune
2751 2441 2816 2504 id

448 2534 819 2611 neutiquam
866 2534 949 2595 sit
996 2534 1257 2598 laturus.
1314 2534 1627 2597 Constare
1672 2533 1782 2597 illa
1827 2533 1946 2598 sibi
1996 2534 2137 2614 ipsa
2183 2550 2434 2613 quoque
2481 2539 2815 2614 perpetuo,

446 2637 522 2683 ac
564 2621 849 2699 alterari,
896 2622 1241 2686 retractari
1289 2627 1401 2685 aut
1445 2622 1755 2701 revocari,
1804 2623 1924 2686 nisi
1973 2622 2434 2701 urgentissimis
2480 2622 2562 2684 de
2607 2620 2816 2684 causis

446 2726 522 2771 ac
568 2712 799 2773 exacta
846 2726 987 2773 cum
1036 2709 1465 2787 accuratione,
1515 2709 1615 2773 vel
1660 2710 1870 2773 solent
1915 2710 2014 2773 vel
2057 2716 2340 2790 possunt,
2388 2712 2482 2773 ita
2513 2717 2584 2773 ut
2614 2700 2815 2783 (311111-

446 2795 595 2859 liter
641 2798 1173 2875 quemadmodum
1212 2797 1481 2877 Regium
1532 2796 1701 2877 apud
1735 2797 1958 2861 Medos
1993 2797 2350 2875 Persasque
2389 2797 2496 2876 jus
2540 2796 2685 2871 fuit)
2735 2794 2815 2859 ob
2899 2828 2908 2835 -

449 2884 774 2948 immotam
838 2902 1053 2949 eorum
1115 2883 1591 2965 firmitudinem,
1663 2892 1915 2950 veteres
1975 2903 2100 2950 non
2159 2901 2342 2949 secus
2399 2902 2474 2948 ac
2534 2884 2614 2947 de
2675 2899 2822 2948 ora-

442 2971 598 3037 culis
656 2972 995 3051 proverbio
1052 2974 1257 3037 locum
1306 2973 1633 3037 dederint:
1701 2972 2104 3038 Krdlowalcd
2157 2972 2363 3037 alowa
2417 2973 2672 3060 neqdau
2731 2993 2819 3034 na

441 3058 689 3141 zpdtele,
750 3059 870 3124 hoc
926 3064 1054 3125 est:
1116 3059 1317 3146 Reyis
1362 3060 1563 3125 verba
1606 3061 1856 3126 nescire
1897 3082 2275 3150 reyresaum.
2353 3061 2610 3126 Utinam
2665 3058 2817 3123 nihil
2872 3126 2878 3131 ,

445 3147 567 3213 hoc
613 3164 773 3212 aevo
821 3148 923 3227 sit,
995 3151 1410 3229 quamobrem
1459 3149 1784 3214 diversum
1835 3152 1976 3230 quis
2022 3150 2253 3214 merito
2301 3150 2503 3230 possit
2548 3149 2816 3214 sentire!

444 3235 593 3315 Ipse
643 3234 917 3316 denique
965 3236 1153 3317 Regii
1201 3238 1553 3302 consistorii
1601 3238 1775 3302 illius
1822 3236 2015 3315 locuS‚
2063 3256 2202 3302 cum
2252 3238 2332 3302 ob
2380 3238 2573 3319 Regis
2620 3236 2820 3318 ipsius

443 3323 863 3403 majestatem,
930 3330 1065 3389 tum
1119 3326 1199 3390 ob
1244 3343 1481 3404 rerum,
1546 3344 1710 3406 quae
1757 3326 1823 3389 in
1871 3344 1946 3391 eo
1993 3330 2374 3404 tractantur,
2432 3322 2819 3405 magnitudi-

441 3429 608 3490 nem,
677 3411 1145 3477 multitudinem
1210 3419 1278 3477 et
1324 3414 1722 3493 dignitatem,
1798 3432 1983 3479 sacer
2051 3413 2514 3494 quodammodo
2584 3420 2686 3478 est
2755 3415 2822 3475 et

447 3498 607 3579 asyli
656 3498 922 3575 alicujus
966 3500 1175 3566 instar
1220 3502 1510 3566 omnibus
1554 3520 1868 3582 perquam
1898 3501 2304 3567 venerabilis
2354 3501 2578 3567 Veteri
2604 3507 2816 3568 autem

442 3586 731 3651 instituto
776 3588 853 3666 is,
902 3588 1259 3669 ubicunque
1290 3589 1489 3669 Regis
1537 3590 1686 3654 aula
1733 3597 1849 3669 est,
1898 3589 2313 3655 usitatissime
2363 3607 2511 3655 vero
2545 3590 2816 3671 Pragae,

444 3680 517 3737 ut
559 3674 625 3739 in
672 3675 1028 3756 metropoli,
1078 3678 1141 3741 in
1189 3694 1341 3741 arce
1376 3676 1595 3741 Sancti
1630 3678 1992 3743 Wenceslai
2040 3678 2222 3757 regia
2267 3677 2430 3742 solet
2475 3677 2818 3759 designari,

444 3779 562 3826 nec
606 3763 998 3828 transfertur
1044 3765 1186 3844 alie,
1243 3766 1365 3829 nisi
1413 3784 1555 3829 cum
1600 3767 1801 3847 Regis
1847 3764 1994 3829 aula
2039 3770 2106 3829 et
2150 3766 2409 3831 sonticis
2457 3766 2538 3830 de
2587 3767 2817 3843 causiS‚

443 3848 667 3928 quales
729 3856 879 3915 sunt
934 3868 1235 3932 grassans
1288 3854 1567 3933 maligna
1612 3856 1996 3933 contagione
2043 3854 2242 3933 pestis
2290 3858 2356 3917 et
2400 3853 2602 3920 hostis
2652 3854 2815 3920 bello

441 3937 830 4003 imminentis
868 3938 1083 4019 justus
1129 3945 1353 4006 metus.
1418 3941 1718 4006 Liberum
1768 3942 1966 4008 cuivis
2012 3946 2129 4021 est,
2193 3942 2385 4006 etiam
2446 3943 2819 4009 tenuissimo

444 4025 691 4105 cuique,
740 4028 806 4091 in
851 4026 971 4092 hoc
1018 4030 1393 4094 consistorio
1440 4048 1577 4093 rem
1624 4048 1806 4095 suam
1853 4049 1931 4096 ac
1975 4030 2169 4094 animi
2200 4029 2589 4096 desiderium
2622 4030 2818 4095 libelli

442 4113 650 4179 forma
694 4132 1078 4196 proponere,
1142 4136 1459 4198 opemque
1506 4118 1703 4199 Regis
1758 4120 2126 4200 implorare.
2191 4118 2330 4182 Rex
2387 4137 2638 4199 quoque
2698 4116 2817 4183 nisi

442 4200 632 4266 officii
706 4208 897 4282 atque
959 4204 1311 4283 juramenti
1380 4205 1654 4285 neglecti
1719 4207 1875 4273 velit
1932 4206 2241 4284 accusari,
2313 4207 2562 4272 concilii
2607 4207 2815 4287 11111113,

443 4289 610 4353 sicut
655 4308 837 4355 usum
883 4292 1319 4357 intermittere
1363 4292 1457 4357 ita
1504 4294 1885 4375 dignitatem
1931 4295 2328 4373 imminuere,
2378 4296 2590 4375 prisco
2638 4312 2816 4359 more

437 4375 841 4458 prohibetur.
908 4380 1275 4461 Eapropter
1326 4384 1858 4461 quemadmodum
1907 4382 2220 4447 Matthiae
2266 4384 2540 4449 Corvino
2595 4388 2818 4449 contra

442 4464 793 4545 Georgium
864 4467 1413 4549 wladislaumque
1488 4488 1609 4551 pro
1674 4472 1852 4551 Rege
1928 4490 1998 4536 se
2063 4470 2468 4550 Bojemorum
2538 4470 2812 4551 gerenti,

440 4552 810 4634 Bojemicae
876 4554 1065 4637 hujus
1130 4558 1387 4639 generis
1444 4558 1867 4624 cancellariae
1927 4577 2080 4625 usus
2140 4565 2482 4625 accuratus
2541 4578 2618 4625 ac
2674 4558 2813 4625 dili-
