3350 5050
2611 505 2740 576 235

1496 1395 1602 1469 Ex

447 1554 701 1661 Pauli
764 1553 1214 1661 Stranskii
1275 1585 1537 1692 opere
1599 1551 2182 1690 „Respublica
2240 1551 2653 1687 Bojema'’
2740 1526 2743 1530 ⁵

1256 1781 1460 1868 eaput
1502 1780 1860 1850 x1-xv1.

1308 2159 1605 2230 CAPUT
1655 2160 1792 2228 XI.

886 2327 1013 2399 De
1073 2323 1477 2398 Ordinibus
1528 2323 1771 2422 Reym‘
1823 2322 2212 2422 Bojemiae.

552 2511 602 2576 I.
637 2509 871 2576 Modus
911 2508 1143 2589 aliquis
1175 2516 1393 2575 certus
1424 2509 1721 2589 ratioque
1751 2510 1818 2575 in
1845 2509 2166 2576 hominum
2201 2509 2368 2576 omni
2416 2510 2738 2576 consocia-

354 2600 528 2665 tione
578 2604 793 2680 potest
852 2597 1191 2663 manifesto
1253 2598 1604 2677 observari,
1670 2616 1796 2681 qua
1855 2599 1952 2663 vir
2007 2598 2141 2663 viro
2199 2604 2573 2679 praestare,
2623 2616 2744 2679 par

356 2688 455 2753 vel
504 2688 720 2767 impar
766 2704 913 2752 esse
961 2693 1400 2767 cognoscatur.
1450 2686 1573 2749 Hic
1620 2686 1878 2767 virtute,
1927 2687 2031 2751 hic
2076 2686 2334 2766 generis
2379 2686 2740 2768 splendore,

351 2775 456 2840 hic
504 2794 694 2857 opum
743 2775 1206 2854 magnitudine,
1267 2773 1372 2838 hic
1424 2774 1568 2851 loci,
1628 2774 1696 2838 in
1757 2792 1882 2855 quo
1945 2774 2310 2853 collocatur,
2374 2775 2741 2853 eminentia,

358 2864 551 2929 alteri
598 2864 948 2928 antecellit.
998 2864 1418 2927 Inoleverunt
1450 2880 1529 2925 ex
1558 2861 1657 2927 his
1688 2862 1827 2927 fere
1859 2864 2192 2945 principiis
2223 2862 2396 2928 certi⁴
2416 2864 2478 2927 in
2520 2861 2744 2944 politia

352 2969 606 3031 quoque
640 2970 715 3016 ac
750 2951 953 3016 omnis
986 2951 1243 3031 generis
1274 2950 1898 3030 rerumpublicarum
1931 2956 2128 3030 statu,
2163 2951 2423 3016 honoris
2457 2950 2736 3031 dignita·

351 3039 562 3119 tisque
585 3039 845 3119 gradus,
873 3039 1173 3115 conditio,
1194 3038 1557 3116 discrimen,
1588 3056 1712 3118 quo
1738 3038 1955 3119 populi
1984 3038 2364 3104 universitas
2389 3038 2506 3103 sub
2533 3037 2734 3119 magi-

352 3132 595 3192 stratus
625 3129 851 3191 summi
882 3127 1152 3208 imperio
1186 3132 1398 3192 certos
1430 3127 1495 3189 in
1526 3126 1795 3191 ordines
1828 3144 1902 3191 ac
1933 3128 2131 3192 veluti
2167 3128 2407 3192 classes
2436 3126 2744 3192 distincta

350 3222 419 3281 et
464 3215 545 3279 ab
596 3216 821 3280 ultima
867 3215 1038 3295 vulgi
1101 3214 1444 3295 promiscui
1492 3215 1686 3278 turba
1731 3220 1986 3280 secreta
2031 3215 2329 3281 habetur.
2406 3214 2518 3280 Sic
2565 3221 2634 3279 et
2677 3215 2742 3278 in

350 3302 640 3383 Bojeinia
669 3308 893 3368 nostra
923 3303 1081 3367 fecit
1113 3304 1286 3366 inter
1314 3302 1604 3367 homines
1635 3302 1878 3368 incolas
1901 3303 2036 3379 jam
2071 3302 2219 3369 olim
2251 3303 2494 3383 gradus
2531 3314 2745 3367 certos

350 3391 621 3471 provida
631 3391 999 3470 antiquitas,
1020 3397 1088 3456 et
1104 3392 1248 3455 rudi
1269 3389 1451 3471 vulgo
1470 3390 1553 3453 ad
1570 3390 1834 3455 servilia
1853 3390 2126 3469 abjecte,
2145 3392 2447 3472 populum
2469 3397 2742 3455 naturae

349 3478 632 3543 melioris
693 3479 774 3542 ad
834 3478 1343 3544 constituendum
1401 3478 1798 3559 reipublicae
1853 3496 2086 3560 corpus
2140 3479 2404 3558 delegit,
2465 3496 2745 3557 euntque

348 3566 621 3647 perinde
684 3583 758 3630 ac
802 3566 865 3630 in
915 3566 1381 3647 rebuspublicis
1428 3566 1709 3632 caeteris
1757 3572 2027 3633 status
2073 3569 2150 3633 in
2200 3586 2282 3633 re
2299 3584 2445 3645 gno
2494 3585 2741 3631 nuncu-

350 3654 547 3735 pavit.
602 3654 822 3718 Voluit
868 3661 1081 3719 autem
1133 3655 1351 3719 Status
1398 3656 1542 3720 illos
1587 3672 1756 3734 suos,
1805 3655 1966 3719 alios
1998 3673 2250 3736 quoque
2284 3655 2365 3719 ab
2411 3653 2557 3720 aliis
2601 3672 2744 3721 etse

348 3741 699 3819 discretos3
748 3747 819 3806 ut
868 3741 1166 3808 videlicet
1200 3742 1322 3807 'alii
1368 3743 1432 3807 in
1480 3742 1738 3823 templis
1786 3744 2118 3824 dignitatis
2165 3744 2370 3809 locum
2410 3747 2741 3823 caperent,

350 3828 457 3894 alii
503 3831 565 3894 in
616 3830 829 3909 curiiS,
907 3829 998 3895 illi
1062 3837 1132 3896 ut
1177 3836 1607 3913 procurarent
1652 3830 2012 3911 religioniS,
2075 3831 2142 3895 hi
2201 3848 2352 3895 vero
2397 3830 2606 3912 hujus,
2668 3837 2742 3894 ut

349 3916 548 3997 ajunt,
610 3917 853 3981 saeculi
900 3918 1178 3997 negotia,
1241 3923 1308 3983 et
1354 3925 1424 3983 ut
1466 3938 1587 3984 nec
1632 3918 1724 3983 illi
1775 3918 1986 3984 civilia
2027 3921 2443 3999 attingerent,
2509 3937 2630 3984 nec
2673 3918 2740 3983 hi

346 4006 545 4071 rebus
590 4024 662 4071 se
710 4007 911 4071 sacris
940 4007 1409 4091 ,immiscerent
1472 4006 1654 4074 Sicut
1701 4008 1840 4087 ipsa
1885 4026 1978 4088 re,
2026 4010 2118 4072 ita
2163 4014 2232 4074 et
2277 4004 2740 4087 significatione

345 4092 591 4159 diversi
638 4100 857 4158 erant:
906 4094 1205 4159 Ieddome'
1245 4103 1304 4158 et
1350 4095 1676 4161 Stawowe'.

543 4180 631 4245 11.
700 4180 889 4248 Unde
951 4182 1186 4263 duplex
1232 4184 1296 4247 in
1344 4182 1631 4263 Bojemia
1681 4183 1902 4247 Status
1949 4182 2212 4263 proprie
2277 4182 2400 4247 fuit
2460 4201 2738 4264 semper,

343 4269 845 4336 Ecclesiasticus
914 4290 1147 4351 nempe
1222 4276 1289 4335 et
1368 4270 1696 4337 Politicus.
1785 4271 2276 4336 Ecclesiasticus
2347 4272 2480 4335 sive
2551 4290 2740 4336 sacer

344 4362 601 4423 constat
647 4378 726 4423 ex
771 4359 1241 4437 sacerdotibus,
1287 4360 1351 4423 in
1403 4360 1633 4440 quibus
1681 4364 1829 4423 sunt
1861 4356 2403 4439 archiepiscopus,
2451 4358 2738 4438 ejusque,

344 4462 537 4524 quem
584 4452 835 4527 vocant,
894 4447 1341 4529 suffraganeus
1404 4453 1471 4511 et
1530 4446 1845 4526 officialiS,
1907 4446 2294 4527 capitulares
2341 4446 2526 4512 Arcis
2571 4446 2731 4510 Pra-

341 4532 578 4614 gensis,
627 4534 1075 4601 coenobiorum
1128 4536 1420 4617 abbateS,
1467 4536 1842 4617 praepositi,
1889 4534 2160 4617 priores,
2215 4540 2283 4603 et
2328 4535 2382 4602 si
2430 4534 2538 4617 qui
2583 4539 2734 4600 sunt
