3350 5050
1416 485 1498 540 De
1533 481 1829 540 maleficiis.
2734 490 2817 558 ,77

436 627 691 706 tempus
762 623 1172 705 praestandis
1240 623 1763 705 compromissum
1830 623 2017 704 facit,
2086 630 2315 705 postea
2383 624 2549 707 apud
2624 626 2817 690 alium

435 712 660 792 servit,
707 713 964 798 adeum
1013 712 1227 777 redire
1273 719 1548 789 tenetur,
1603 713 1704 776 cui
1751 712 1929 792 prius
1975 713 2217 777 servire
2250 713 2567 792 promisit.
2619 713 2819 778 Secus

437 801 700 878 facienS,
747 799 1024 866 detineri
1069 806 1285 882 potest
1329 803 1392 864 in
1427 798 1711 879 vinculis
1761 818 1927 880 pane
1975 799 2221 864 modico
2252 800 2507 866 duobus
2538 802 2819 867 denariis

439 895 810 969 comparato
860 891 922 953 in
967 889 1136 953 diem
1173 895 1526 968 contentus
1561 907 1765 968 usque
1809 888 1892 952 ad
1924 889 2263 954 terminum
2298 891 2821 970 compromissum

437 966 546 1054 (S.
597 978 702 1043 10.
747 974 922 1042 Dist.
973 978 1012 1041 1
1061 984 1118 1040 et
1160 969 1266 1056 2.)

641 1065 822 1144 Vide,
893 1085 973 1129 ne
1042 1064 1320 1145 aliquem
1391 1065 1454 1129 in
1504 1063 1807 1129 familiam
1870 1063 1949 1128 de
1996 1064 2267 1129 subditis
2324 1065 2459 1131 sine
2507 1085 2817 1133 consensu

445 1151 820 1218 hereditarii
875 1154 1113 1219 domini
1174 1154 1473 1233 recipiaS,
1535 1152 1655 1216 nisi
1710 1152 1895 1232 juxta
1954 1152 2211 1218 constit.
2270 1171 2434 1219 anno
2489 1158 2819 1237 praesenti

442 1241 559 1306 fer.
606 1237 666 1306 2.
714 1246 864 1320 post
905 1241 1135 1306 Felicis
1193 1242 1253 1304 in
1305 1241 1561 1322 Synodo
1615 1240 2105 1321 promulgatam,
2175 1242 2466 1306 mulctari
2522 1244 2677 1309 velis
2736 1243 2819 1309 50

440 1347 572 1392 sex.
623 1347 1011 1409 grossorum.

638 1417 704 1481 Is
773 1418 880 1497 qui
949 1416 1226 1481 familiae
1287 1417 1525 1494 justum
1588 1416 1869 1497 pretium
1931 1415 2197 1498 detinet,
2271 1417 2618 1483 mulctatur
2663 1419 2821 1484 Jure

446 1504 832 1570 Provinciali
880 1507 944 1569 in
978 1505 1422 1585 quadruplum,
1473 1505 1768 1586 expensis
1815 1505 2012 1568 etiam
2046 1505 2483 1585 superadditis
2514 1499 2639 1584 (M.
2676 1505 2824 1587 34.)

645 1591 720 1657 In
765 1599 1068 1674 quantum
1117 1594 1441 1672 obligetur
1470 1593 1644 1670 civiS,
1694 1592 1747 1656 si
1792 1593 2113 1657 subditum
2157 1593 2422 1673 alicujus
2460 1589 2825 1676 interficiat,

445 1681 588 1761 lege
637 1682 919 1746 Titulum
966 1681 1046 1747 de
1095 1680 1474 1746 Homicidio.

635 1771 709 1835 In
765 1770 1123 1835 actionibus
1171 1769 1365 1850 Legis
1413 1768 1726 1848 Aquiliae,
1790 1767 1868 1831 de
1922 1767 2068 1844 jure
2114 1776 2333 1833 nostro
2399 1776 2550 1835 aute
2614 1772 2825 1836 omnia

451 1857 726 1922 ocularis
771 1858 1085 1938 inspectio
1132 1857 1485 1937 requiritur
1531 1848 1650 1936 (K.
1685 1858 1788 1920 19.
1839 1856 2013 1920 Dior.
2058 1857 2121 1922 2.
2171 1859 2255 1924 K.
2300 1857 2406 1922 24.
2408 1851 2468 1938 ).
2530 1859 2824 1937 Quadru-

449 1945 646 2025 pedes
716 1947 768 2009 si
839 1947 954 2010 tibi
1016 1946 1390 2026 pauperiem
1449 1944 1738 2024 fecerint,
1804 1945 1884 2009 de
1946 1943 2054 2008 illa
2114 1947 2425 2026 pauperie
2484 1949 2825 2012 certiorem

445 2031 704 2100 reddito
750 2034 1218 2112 magistratum,
1257 2033 1350 2098 vel
1399 2033 1556 2097 alios
1603 2050 1763 2112 quos
1811 2034 1903 2097 vis
1950 2031 2075 2098 fide
2128 2035 2370 2114 dignos
2418 2041 2485 2100 et
2519 2040 2824 2116 quantum

447 2121 576 2185 erit
612 2121 874 2201 justum,
923 2122 1370 2186 aestimatione
1418 2121 1837 2200 magistratus
1884 2121 2218 2202 obtinebis,
2269 2140 2345 2185 ac
2392 2123 2647 2201 quidem
2680 2143 2821 2187 cum

445 2225 546 2286 eo,
594 2211 762 2288 quod
808 2210 872 2273 in
923 2208 1374 2290 quadrupedes
1422 2209 1759 2275 occasione
1820 2227 2014 2274 curae
2064 2209 2483 2291 insumpseris
2542 2203 2668 2292 (R.
2714 2211 2823 2276 25.

451 2295 627 2362 Diet.
674 2297 738 2362 2.
790 2306 847 2361 et
887 2297 951 2362 3.
997 2297 1125 2362 ιῙτιεῑ
1171 2297 1366 2362 Prov.
1414 2296 1493 2360 L.
1542 2287 1690 2376 45.)

443 2447 450 2454 .
649 2385 769 2464 Qui
837 2385 1098 2450 alterius
1159 2384 1641 2466 quadrupedem
1677 2385 1937 2464 ,injuria
1997 2385 2251 2464 occidit,
2312 2386 2691 2466 praestabat
2749 2387 2829 2453 de

443 2469 592 2549 jure
659 2491 924 2541 romano
995 2469 1194 2553 (quod
1261 2479 1329 2539 et
1394 2490 1508 2538 nos
1577 2469 1933 2553 sequimur)
1992 2473 2520 2541 aestimationem
2594 2475 2829 2555 damni,

453 2563 676 2638 quanti
719 2563 978 2643 plurimi
1025 2580 1102 2629 eo
1135 2580 1299 2629 anno
1347 2561 1455 2625 illa
1501 2561 1867 2641 quadrupes
1903 2563 2086 2627 vendi
2134 2565 2343 2643 potuit
2372 2554 2496 2643 (R.
2532 2555 2719 2643 14.)‚·
2762 2565 2827 2629 Lu

451 2648 594 2714 aliis
629 2668 777 2715 vero
811 2651 1077 2729 damnis
1125 2650 1362 2730 injuria
1407 2656 1476 2715 et
1519 2648 1709 2729 culpa
1741 2649 1929 2728 datis
1962 2655 2034 2713 ut
2078 2652 2132 2715 si
2170 2652 2309 2730 quis
2342 2651 2531 2715 alicui
2566 2653 2828 2731 urendo,

452 2735 827 2818 frangend0‚
876 2737 1300 2819 depascendo,
1350 2735 1628 2801 secando
1670 2736 1991 2802 damnum.
2019 2739 2149 2816 det,
2197 2746 2571 2820 praestatur
2600 2739 2828 2804 solutio

451 2825 544 2889 rei
592 2834 951 2908 corruptae,
1015 2827 1237 2907 quanti
1284 2824 1388 2890 illa
1439 2842 1546 2889 res
1637 2824 1849 2889 lurimi
1892 2827 2110 2906 yaluit,
2158 2828 2332 2893 intra
2378 2830 2645 2908 triginta
2690 2828 2827 2892 dies

449 2915 736 2992 proxime
785 2916 1038 2997 elapsos
1082 2904 1206 2995 (R.
1255 2915 1357 2980 15.
1410 2913 1477 2978 S.
1525 2913 1588 2977 5.
2818 2982 2825 2989 ,

648 3003 851 3068 Nemo
897 3003 1069 3068 feras
1129 3002 1475 3081 silvestres,
1537 3001 1989 3081 quadrupedes
2050 3020 2280 3067 saevas
2340 3008 2408 3066 et
2465 3004 2827 3083 indomitas

452 3087 624 3154 domi
693 3110 847 3157 suae
916 3091 1067 3172 alat,
1139 3090 1260 3155 nisi
1328 3090 1480 3154 velit
1549 3088 1845 3153 mulctari
1906 3107 2024 3171 pro
2088 3091 2535 3156 aestimatione
2595 3091 2832 3170 judicis

457 3165 582 3257 (R.
627 3171 798 3258 30).
869 3180 1005 3245 Imo
1075 3185 1142 3243 et
1207 3195 1372 3257 equo
1439 3194 1630 3241 saevo
1702 3195 1779 3242 ac
1841 3177 2147 3242 indomito
2206 3180 2576 3259 appendere
2634 3179 2832 3244 debes

455 3266 703 3345 signum
752 3268 1064 3333 cautionis
1097 3267 1192 3331 vel
1244 3265 1541 3344 clamare,
1593 3283 1672 3329 ne
1722 3266 1863 3345 quis
1893 3268 2183 3346 proxime
2232 3267 2311 3331 ad
2349 3267 2830 3349 quadrupedem

453 3352 624 3418 illam
674 3356 941 3429 accedat
984 3345 1093 3436 (S.
1144 3356 1200 3419 1.
1202 3347 1245 3434 )

1387 3544 1516 3617 De
1561 3540 1879 3640 injuriis,

654 3704 839 3770 Licet
883 3703 1115 3783 injuria
1161 3702 1553 3785 generaliter
1600 3702 1956 3785 accipiatur
2015 3721 2132 3784 pro
2180 3720 2257 3767 eo
2306 3703 2471 3782 quod
2521 3722 2643 3768 non
2684 3703 2833 3783 jure

457 3787 548 3869 fit,
583 3794 763 3869 quasi
793 3812 917 3857 non
942 3792 1136 3871 juria,
1187 3788 1587 3871 be3prami,
1632 3792 1725 3855 ita
1758 3796 1829 3855 ut
1861 3790 2056 3855 veluti
2086 3808 2288 3870 genus
2334 3791 2837 3870 comprehendat

455 3878 714 3961 furtum,
783 3882 1094 3962 rapinam,
1170 3883 1468 3946 damnum
1538 3885 1606 3944 et
1675 3878 1973 3957 quicquid
2035 3879 2291 3943 tandem
2354 3897 2479 3943 non
2535 3878 2683 3956 jure
2728 3880 2829 3943 fit:

457 3972 674 4034 tamen
704 3967 828 4035 hoc
875 3970 1057 4036 titulo
1103 3968 1277 4033 aliud
1322 3968 1618 4049 injuriam
1665 3967 2097 4047 intelligimus
2147 3984 2333 4046 quam
2389 3968 2835 4031 contumeliam

455 4072 496 4118 a
543 4060 1000 4123 contemnendo
1043 4058 1304 4131 dictam,
1353 4056 1606 4137 quando
1656 4054 1888 4134 aliquis
1938 4054 2083 4120 dolo
2114 4055 2279 4119 malo
2328 4052 2514 4119 liberi
2564 4056 2835 4121 hominis

455 4160 710 4227 corpus,
760 4147 1138 4226 dignitatem
1185 4146 1280 4211 vel
1331 4144 1562 4210 famam
1609 4143 1812 4208 laedit
1855 4132 1973 4221 (Q.
2019 4143 2124 4208 12.
2172 4142 2350 4208 Diat.
2400 4143 2439 4205 1
2488 4151 2546 4207 et
2586 4138 2693 4223 2.)

651 4236 841 4300 Dico:
915 4234 1076 4300 Dolo
1140 4234 1325 4299 malo.
1387 4232 1552 4297 Nam
1621 4231 1674 4295 si
1722 4233 1862 4311 quis
1922 4233 2057 4295 ioco
2117 4230 2423 4295 certando
2482 4236 2595 4295 aut
2639 4232 2832 4296 etiam

454 4320 692 4389 invitus
739 4342 926 4403 quem
976 4323 1193 4402 laedit,
1245 4322 1496 4386 actione
1543 4320 1920 4401 injuriarum
1970 4338 2092 4383 non
2142 4324 2413 4384 tenetur.
2482 4317 2727 4400 Injuria
2770 4339 2832 4384 n.

455 4412 748 4492 procedit
792 4430 872 4477 ex
917 4410 1152 4479 affectu
1206 4409 1504 4495 facientis
1550 4398 1668 4491 (Q.
1717 4406 1819 4472 12.
1870 4406 2047 4472 Diet.
2092 4399 2197 4486 3.)
2258 4406 2347 4472 Et
2389 4425 2538 4471 reus
2603 4408 2666 4472 in
2712 4408 2835 4473 hoc

458 4518 609 4565 casu
667 4500 948 4583 probare
1007 4501 1220 4579 debet,
1280 4517 1350 4565 se
1395 4516 1522 4563 non
1569 4496 1781 4562 animo
1829 4493 2172 4574 injuriandi
2221 4495 2485 4562 laesisse
2540 4494 2832 4575 aliquem.
