3350 5050
1415 543 1524 600 Tit.
1559 543 1681 597 xn.
1722 548 1777 593 et
1811 539 1967 592 xm.
2800 539 2879 606 27

1325 673 1630 740 dilatoriae,
1664 679 1727 726 ut
1762 680 1889 728 sunt
1916 676 2079 744 pacti,
2108 683 2161 730 et
2186 693 2295 729 nou
2328 670 2693 726 numerandae
2720 685 2879 738 pecn—

1411 745 1532 798 niae
1572 745 1715 798 intra
1750 754 1957 800 certum
1998 753 2227 816 tempus

1690 858 1892 921 factor
1939 859 2145 924 justam
2197 863 2431 910 aetatem
2494 870 2601 907 non
2650 853 2889 908 habeat;

558 1035 570 1046 ο
876 967 1053 1049 miuus
1095 983 1219 1033 pro·
1327 963 1640 1047 declinato--
1810 947 1935 1054 ἓξὲξ
1963 929 2257 1055 Ξΐθέἓὶῃαε
2321 931 2711 993 competentem
2741 923 2887 991 Jmh'

506 1037 602 1087 [ΑΒ
669 1050 792 1088 con‘
938 1037 1222 1106 pne'dum
1330 1051 1461 1101 Ἆρ’
1500 1043 1562 1088 ¹¹¹²
1597 1053 1644 1089 ⁸¹
1740 1073 2073 1127 consuetudo
2131 1079 2185 1125 et
2238 1081 2531 1140 processus
2578 1068 2721 1135 juris
2779 1082 2885 1118 non

561 1147 796 1194 test-atur
940 1126 1144 1234 8333&
1815 1146 2145 1198 observetur.

559 1255 660 1302 aut
941 1251 1212 1318 exceptio·
1735 1249 1911 1302 actori
1968 1250 2187 1314 obsunt,
2240 1254 2301 1300 ut
2359 1249 2488 1298 sunt
2543 1243 2888 1309 exceptiones

941 1339 1052 1392 nee,
1082 1331 1178 1376 aut
1333 1361 1639 1425 pormnpto-
1809 1320 2209 1386 transactionis,
2262 1319 2338 1372 rei
2370 1315 2651 1384 judicatae
2692 1319 2747 1366 et
2782 1314 2889 1366 litis

1455 1399 1462 1406 ’
1815 1392 2013 1445 linitae.

1331 1443 1642 1550 na‘ze‘lluae
1741 1464 2091 1530 agitationem
2120 1476 2319 1516 causae
2348 1457 2631 1526 perimunt,
2676 1464 2735 1508 ut
2761 1464 2889 1510 sunt

1814 1535 2062 1601 exceptio
2120 1531 2565 1601 praescriptionis
2640 1536 2694 1582 et
2748 1527 2891 1582 solu-

1818 1607 1997 1660 tioniS.

1355 1855 1478 1925 De
1518 1851 2065 1948 probationibua

1421 2037 1751 2103 Titulus
1800 2027 1982 2103 XIII.

718 2193 1030 2272 Quoniam
1102 2192 1214 2256 lite
1285 2190 1584 2270 negative
1654 2197 2036 2264 contestata,
2106 2195 2163 2256 ei
2215 2194 2322 2272 qui
2370 2194 2545 2266 dicit,
2618 2211 2741 2257 uon
2789 2195 2895 2274 qui

523 2289 736 2364 negat,
805 2280 1117 2362 probandi
1168 2279 1518 2344 necessitas
1578 2277 1889 2342 incumbit
1934 2273 2049 2358 (B.
2099 2281 2203 2346 37.
2262 2282 2434 2346 Diei.
2498 2273 2608 2360 1).·
2678 2282 2895 2362 itaque

525 2391 690 2436 nune
736 2372 816 2434 (le
866 2368 1372 2450 probationibus,

718 2482 837 2545 Est
902 2484 1114 2545 autem
1177 2479 1474 2559 probatio
1535 2479 1631 2545 rei
1694 2478 1931 2545 dubiae
1988 2497 2108 2560 per
2158 2480 2445 2561 legitima
2506 2480 2898 2545 documenta

525 2572 710 2637 firma
757 2570 1216 2634 demonstratio
1264 2561 1383 2646 (B.
1435 2567 1543 2632 36.
1593 2568 1765 2633 υἱεῖ.
1822 2560 1922 2643 1.)

725 2682 942 2755 Actor,
993 2678 1160 2755 quod
1209 2683 1540 2741 asseverat
1597 2678 1878 2756 probare
1946 2696 2015 2741 se
2086 2694 2210 2741 non
2260 2696 2449 2757 posse
2517 2676 2897 2757 profitendo,

525 2788 706 2834 reum
756 2767 1140 2832 necessitate
1201 2765 1600 2828 monstrandi
1647 2766 2039 2829 eontrarium
2108 2784 2231 2829 non
2292 2766 2633 2846 astringit,
2706 2784 2899 2845 quum

526 2876 645 2939 per
712 2875 926 2920 rerum
973 2859 1270 2917 naturam
1339 2852 1578 2916 factum
1643 2853 1936 2931 negantis
1997 2853 2295 2935 probatio
2340 2854 2425 2917 sit
2469 2854 2661 2918 nulla.
2733 2854 2897 2918 Hinc

525 2945 676 3010 illud
725 2945 843 3009 sub
891 2943 1082 3007 litera
1125 2943 1206 3005 B.
1239 2940 1346 3005 37.
1395 2940 1570 3005 Dist.
1600 2941 1681 3005 2.-
1742 2942 1978 3005 Aetore
2025 2960 2147 3007 non
2198 2942 2513 3021 probante
2572 2960 2724 3007 reus
2784 2944 2895 3007 ab·

526 3033 815 3111 solvitur,
864 3030 1056 3096 etiam
1103 3031 1156 3093 si
1203 3031 1256 3093 is
1301 3027 1455 3093 nihil
1503 3029 1893 3109 probaverit.

725 3140 1132 3206 Probationis
1198 3138 1262 3201 in
1332 3138 1470 3202 foro
1540 3141 1763 3202 nostro
1834 3157 1946 3202 sex
2015 3144 2411 3215 usurpantur
2478 3139 2747 3219 specieS,
2819 3141 2901 3203 de

534 3231 760 3310 quibus
807 3228 1130 3307 sigillatim
1179 3226 1460 3290 inferius,

725 3338 823 3401 De
884 3337 1044 3401 Jure
1089 3336 1418 3401 Communi
1455 3336 1783 3423 'probatio
1846 3342 1959 3400 aut
2016 3343 2115 3399 est
2178 3336 2675 3415 evidentissima,
2742 3355 2905 3417 quae

531 3429 614 3492 sit
643 3422 760 3509 per
791 3424 1127 3505 privilegia
1160 3430 1227 3487 et
1259 3424 1686 3488 instrumenta
1716 3423 2108 3502 indubitata3
2161 3432 2273 3490 aut
2303 3424 2565 3489 evidens
2611 3431 2679 3489 et
2710 3426 2905 3503 clara,

531 3536 694 3597 quae
745 3516 826 3578 sit
891 3533 1007 3596 per
1064 3518 1266 3586 testes
1324 3512 1424 3574 vel
1483 3510 1643 3575 facti
1701 3511 2117 3591 evidentian13
2187 3518 2299 3577 aut
2358 3512 2561 3577 minus
2623 3513 2905 3593 evideutffi

533 3622 695 3684 quae
741 3604 814 3667 fit
857 3622 977 3684 per
1021 3600 1448 3682 conjecturas.

727 3710 894 3775 Illud
963 3711 1222 3791 probari
1295 3708 1524 3788 debet,
1613 3708 1785 3788 quod
1855 3710 1920 3774 in
1992 3709 2296 3788 judicium
2370 3718 2469 3775 est
2538 3710 2900 3789 deductum,

531 3802 827 3881 quodque
900 3800 1102 3879 possit
1169 3816 1310 3861 esse
1375 3796 1600 3875 actori,
1671 3798 1753 3861 acl
1826 3815 2057 3863 causae
2136 3798 2488 3879 victoriam,
2558 3800 2906 3865 relevando

531 3894 738 3971 ipsum
785 3880 900 3967 (B.
951 3886 1054 3951 36.
1107 3885 1277 3948 Dist.
1329 3875 1435 3964 3)

725 3996 801 4061 Id
869 3995 1164 4059 rhetores
1235 3989 1580 4071 κρινόμευον
1629 4014 1743 4060 seu
1810 3996 2269 4073 judicationem
2344 4016 2574 4064 vocare
2636 4016 2902 4063 consue-

531 4093 778 4154 verunt.
828 4085 1028 4149 Facta
1073 4083 1242 4148 enim
1291 4101 1417 4148 non
1466 4090 1985 4165 praesumuntur,
2032 4086 2151 4149 nisi
2197 4088 2572 4167 probentur.

725 4210 900 4261 Causa
939 4206 1178 4259 efficiens
1219 4205 1592 4272 probationem
1632 4212 1717 4257 est
1744 4205 1936 4271 jussus
1967 4207 2171 4272 judicis
2209 4216 2263 4259 et
2300 4224 2427 4275 pars
2466 4208 2724 4275 probanS.

725 4279 1032 4345 Snbjectum
1085 4284 1212 4331 sunt
1261 4276 1530 4330 evidentia
1566 4276 1713 4343 facti,
1765 4283 1951 4347 testeS,
2007 4279 2381 4347 iustrumenta,
2432 4283 2901 4348 praesumptiones

527 4358 582 4403 et
617 4351 672 4404 id
711 4367 880 4418 genus
917 4348 1040 4403 alia..

725 4421 1005 4488 objectum
1046 4424 1128 4471 est
1164 4418 1382 4485 negatio
1422 4421 1594 4487 partis
1639 4420 1912 4475 adversae.

725 4494 926 4546 Forma
964 4498 1048 4544 est
1085 4489 1438 4559 consuetudo,
1485 4508 1622 4559 quae
1657 4493 1713 4545 in
1754 4491 2035 4559 probando
2076 4490 2281 4560 aliquid
2320 4498 2583 4549 servatur.

723 4564 876 4617 Finis
915 4569 1014 4632 est,
1051 4569 1113 4614 ut
1139 4560 1330 4630 judici,
1368 4562 1455 4615 cui
1491 4564 1715 4630 probari
1755 4563 1933 4634 debet,
1972 4565 2171 4619 veritas
2210 4578 2408 4617 causae
2446 4570 2653 4631 pateat.
