3350 5050
551 495 645 565 68
1491 494 1558 552 V.
1597 493 1996 564 Ophthalmius.

739 633 923 700 Licet
987 633 1146 699 Jure
1215 635 1545 700 Caesareo
1614 635 1989 716 gravissime
2060 633 2513 714 interdicatur,
2591 651 2670 697 ne
2742 633 2936 713 rapta

541 723 796 804 raptori
861 722 1150 804 legitimo
1199 721 1604 788 matrimonio
1669 723 2027 804 copuletur,
2076 729 2293 788 tamen
2352 722 2433 786 de
2480 720 2642 785 Jure
2689 725 2931 798 nostr0,

548 809 716 890 quod
782 810 848 875 in
918 830 992 876 eo
1063 812 1355 891 sequitur
1401 811 1713 891 Canones,
1794 813 1848 877 si
1919 813 2052 877 vult
2117 817 2331 894 rapta,
2403 810 2466 875 id
2537 808 2930 886 admittitur;

556 903 818 980 sumpta
869 905 1083 965 tamen
1142 899 1321 981 prius
1389 918 1599 981 poena
1655 900 1737 965 de
1806 905 2091 982 raptore,
2152 898 2421 967 arbitrio
2472 896 2757 979 judicum
2816 897 2934 960 im-

550 988 763 1069 posita
804 976 851 1068 (
843 987 932 1053 M.
981 983 1132 1068 36.)

750 1075 990 1141 Textus
1035 1077 1214 1141 ‘Iuris
1260 1076 1561 1142 Caesarei
1611 1075 1757 1141 talis
1797 1081 1928 1141 est:
1984 1075 2503 1159 „Meminerimus
2548 1073 2767 1151 itaque
2813 1087 2933 1151 pro

547 1170 740 1246 raptu
787 1164 1146 1244 mulierum,
1196 1163 1328 1228 sive
1367 1164 1504 1246 jam
1551 1164 1978 1246 desponsatae
2026 1163 2266 1232 fuerint
2312 1163 2412 1228 vel
2460 1161 2709 1226 maritis
2782 1176 2929 1223 con-

545 1252 831 1333 junctae,
878 1253 1013 1318 sive
1061 1271 1206 1333 non,
1241 1253 1344 1316 vel
1377 1252 1570 1317 etiam
1617 1255 1670 1317 si
1705 1253 1935 1318 viduae
1982 1254 2129 1334 sint,
2177 1254 2385 1334 legem
2420 1257 2612 1315 antea
2640 1247 2933 1329 posuisse

552 1345 621 1405 et
665 1340 923 1422 capitali
971 1340 1280 1423 supplicio
1313 1341 1660 1422 subjecisse
1692 1360 1817 1406 non
1846 1347 2097 1406 tantum
2128 1349 2447 1423 raptoreS,
2480 1356 2702 1402 verum
2737 1335 2931 1400 etiam

551 1431 814 1493 comites
845 1446 1086 1510 eorum,
1118 1447 1234 1495 nec
1281 1447 1406 1493 non
1440 1429 1617 1509 alioS,
1665 1431 1773 1509 qui
1806 1431 1897 1495 eis
1930 1430 2230 1495 auxilium
2266 1437 2555 1509 tempore
2587 1423 2931 1489 invasionis

551 1517 894 1582 contulisse
941 1509 1330 1584 noscuntur“
1382 1522 1503 1585 etc.
1553 1518 1752 1582 Paulo
1801 1523 1980 1601 post:
2038 1517 2191 1600 „Illo
2238 1515 2611 1599 specialiter
2657 1511 2931 1592 adject0,

553 1608 624 1668 ut
669 1604 845 1669 nulla
901 1605 984 1670 sit
1027 1603 1278 1672 mulieri
1321 1605 1420 1671 vel
1470 1605 1700 1686 virgini
1744 1612 1975 1688 raptae
2023 1607 2305 1686 licentia,
2364 1602 2647 1685 raptoris
2692 1599 2931 1678 eligere

555 1693 1045 1775 matrimonium,
1093 1696 1206 1759 sed
1255 1694 1353 1759 cui
1400 1703 1709 1774 parentes
1741 1694 2079 1776 voluerint,
2128 1699 2398 1776 excepto
2442 1695 2723 1772 raptore,
2771 1687 2930 1766 legi-

548 1782 700 1845 timo
751 1781 1151 1848 matrimonio
1197 1780 1482 1864 copulari
1527 1786 1648 1848 etc.
1702 1781 2035 1848 Sancimus
2085 1783 2322 1863 itaque,
2370 1781 2424 1845 si
2465 1783 2657 1860 rapta
2702 1775 2932 1840 mulier

548 1869 978 1949 quuscunque
1009 1870 1094 1934 sit
1141 1869 1521 1936 conditionis
1551 1871 1654 1934 vel
1686 1872 1941 1950 aetatiS,
1993 1871 2273 1952 raptoris
2306 1868 2563 1949 nuptias
2601 1861 2930 1944 eligendas

548 1973 692 2022 esse
739 1958 1080 2039 censuerit,
1139 1959 1516 2039 parentibus
1561 1963 1945 2038 praesertim
2012 1978 2139 2024 non
2184 1954 2748 2030 consentientibus,
2812 1967 2931 2014 nec

541 2063 623 2110 ex
702 2044 1014 2112 beneficio
1085 2046 1244 2128 legis
1324 2065 1446 2111 nec
1529 2063 1608 2111 ex
1691 2051 2075 2112 testamento
2142 2046 2424 2127 raptoris
2503 2041 2925 2106 hereditatem

548 2133 897 2214 suscipere,
945 2133 1044 2199 vel
1086 2151 1465 2214 quocunque
1511 2135 1699 2199 modo
1747 2136 2171 2199 substantiam
2220 2135 2547 2199 vindicare
2594 2133 2717 2192 etc.
2764 2125 2929 2190 Nam

550 2220 832 2287 nefarios
863 2220 1226 2302 hujusmodi
1257 2222 1461 2289 coitus
1493 2222 1751 2304 corrigi,
1786 2241 1909 2288 non
1943 2223 2244 2304 praemiis
2274 2216 2578 2288 honorari
2610 2213 2928 2280 convenit.

552 2309 734 2388 Quod
803 2309 857 2372 si
926 2315 1231 2391 parentes
1298 2310 1660 2391 hujusmodi
1730 2312 1957 2376 sceleri
2027 2310 2485 2388 consenserint,
2568 2301 2931 2369 substantia

550 2397 834 2479 raptoris
887 2403 955 2462 et
999 2399 1286 2479 aliorum,
1336 2399 1445 2477 qui
1503 2398 1769 2465 sceleris
1827 2399 2178 2480 participes
2234 2408 2442 2477 erant,
2501 2393 2637 2458 fisci
2676 2391 2931 2472 juribus

556 2488 928 2553 vindicetur.
977 2485 1181 2566 Quam
1215 2487 1818 2568 interpretationem
1850 2506 1974 2553 non
2022 2488 2086 2552 in
2120 2487 2348 2552 futuris
2382 2484 2607 2551 saltem
2656 2479 2930 2555 casibus

527 2590 774 2641 'verum
834 2580 903 2639 et
945 2576 1010 2641 in
1057 2576 1428 2657 praeteritis
1475 2576 1693 2647 valere
1740 2566 2095 2641 sancimus“
2148 2582 2269 2643 etc.
2326 2606 2399 2615 -—-
2451 2574 2539 2637 Et
2582 2572 2647 2635 in
2693 2567 2929 2633 Codice

552 2664 788 2744 inquit:
866 2664 1222 2745 „Raptores
1285 2664 1596 2744 virginum
1659 2665 2074 2729 honestarum
2136 2664 2233 2729 vel
2292 2665 2736 2744 ingenuarum,
2794 2655 2930 2719 sive

548 2753 682 2834 jam
716 2752 1148 2832 desponsatae
1177 2752 1419 2818 fuerint
1449 2753 1581 2818 sive
1612 2771 1739 2817 non
1772 2760 1916 2833 etc.,
1952 2754 2183 2833 capitis
2212 2751 2524 2833 supplicio
2555 2742 2927 2828 plectendos

553 2842 954 2905 decernimus
1001 2846 1124 2907 etc.
1183 2840 1319 2907 Nec
1365 2840 1438 2905 fit
1481 2840 1755 2906 facultas
1812 2848 2042 2922 raptae
2091 2842 2321 2921 virgini
2368 2838 2466 2903 vel
2516 2836 2765 2913 viduae,
2832 2828 2927 2893 vel

553 2928 815 2994 cuilibet
860 2927 1130 3008 mulieri,
1158 2935 1484 3009 raptorem
1533 2948 1715 2993 suum
1750 2930 1871 2995 sibi
1917 2930 2215 2994 maritum
2247 2943 2631 3009 exposcere;
2681 2920 2796 2985 sed
2830 2918 2930 2983 cui

553 3023 859 3099 parentes
926 3016 1262 3097 voluerint,
1344 3023 1612 3099 excepto
1681 3020 1978 3099 raptore,
2062 3036 2202 3083 eam
2272 3014 2555 3096 legitimo
2632 3009 2931 3090 copulent

553 3105 975 3183 matrimoni0,
1039 3106 1335 3184 quoniam
1394 3107 1565 3171 nullo
1626 3104 1835 3184 modo,
1897 3106 2195 3186 nulloque
2254 3109 2547 3185 tempore
2606 3117 2646 3163 a
2688 3096 2929 3161 Nostra

555 3192 920 3258 Serenitate
954 3193 1145 3258 datur
1171 3192 1432 3258 licentia
1455 3196 1548 3259 eis
1577 3195 1962 3274 consentire,
1997 3196 2103 3274 qui
2133 3192 2350 3257 hostili
2381 3207 2560 3255 more
2600 3187 2665 3251 in
2688 3184 2930 3249 Nostra

549 3281 884 3363 republica
931 3282 1338 3347 matrimonia
1383 3282 1647 3347 student
1692 3282 1811 3346 sibi
1860 3282 2246 3362 conjungere
2290 3269 2452 3346 etc.“

748 3370 893 3435 Huc
935 3371 1290 3450 pertinent:
1359 3366 1412 3433 1.
1460 3370 1770 3447 IncestuS‚
1834 3370 1943 3449 qui
1999 3376 2099 3435 est
2160 3367 2795 3448 consanguineorum,
2858 3363 2929 3423 ut

549 3457 1032 3523 ascendentium
1102 3464 1170 3523 et
1226 3458 1753 3523 descendentium
1815 3458 1916 3523 vel
1972 3456 2435 3523 collateralium
2491 3452 2924 3546 proximorum

547 3547 827 3715 ἒέῧιειιε)
861 3552 928 3611 et
970 3546 1320 3627 imponitur
1374 3546 1758 3611 incestuosis
1802 3548 2063 3626 gravior
2107 3563 2320 3627 poena
2366 3560 2556 3626 quam
2618 3537 2929 3603 adultens

747 3719 805 3785 2.
857 3721 1290 3803 Lenocinium,
1351 3742 1493 3788 cum
1550 3722 1692 3802 quis
1740 3727 2076 3801 quaestum
2138 3741 2216 3787 ex
2261 3720 2577 3785 adulterio
2626 3718 2929 3795 stuprove

553 3809 768 3873 uxoris
819 3809 1070 3877 filiaeve
1127 3828 1301 3890 suae,
1352 3816 1465 3875 aut
1525 3810 1795 3876 aliarum
1846 3811 2161 3890 virginum
2208 3809 2309 3875 vel
2355 3809 2690 3873 viduarum
2750 3800 2925 3865 facit.

551 3898 688 3961 Hoc
734 3896 1045 3977 flagitium
1090 3918 1342 3979 quoque
1391 3900 1621 3980 capitis
1667 3899 1979 3979 supplicio
2028 3903 2384 3963 coercetur.
2431 3888 2555 3975 (N.
2604 3884 2710 3973 2.)

747 3980 806 4047 3.
855 3986 1196 4052 Peccatum
1268 3992 1491 4052 contra
1547 3992 1875 4066 naturam
1946 3988 2001 4051 si
2059 3988 2202 4067 quis
2270 4003 2410 4051 cum
2474 3980 2773 4047 masculis
2830 3973 2929 4039 vel

547 4073 754 4137 brutis
800 4075 1140 4140 nefandam
1200 4075 1530 4140 libidinem
1577 4092 1885 4139 exercere
1946 4076 2160 4155 audet,
2223 4080 2358 4139 tum
2406 4089 2659 4151 quoque
2716 4064 2927 4147 gladio

547 4162 828 4241 punitur.
898 4163 998 4229 De
1043 4162 1504 4229 consuetudine
1562 4168 1778 4227 autem
1838 4168 2058 4228 nostra
2122 4162 2287 4228 tales
2348 4162 2429 4225 ad
2488 4176 2716 4239 rogum
2776 4171 2925 4217 con-

549 4250 952 4317 demnantur.

744 4338 1017 4403 Maritus
1076 4359 1361 4419 uxorem,
1408 4346 1595 4421 pater
1641 4338 1859 4419 filiam,
1922 4340 2179 4421 impune
2224 4341 2440 4418 potest
2496 4332 2811 4409 occidere,
2870 4328 2923 4392 si

547 4444 810 4490 uxorem
859 4428 922 4491 in
970 4428 1288 4494 adulterio
1320 4429 1420 4493 vel
1466 4428 1658 4494 filiam
1710 4429 1774 4492 in
1794 4434 2027 4509 ,stupro
2076 4424 2579 4515 deprehenderit
2620 4413 2749 4501 (M.
2776 4410 2923 4497 39.)
