3350 5050
541 526 623 596 18
1329 525 1396 581 V.
1435 525 1781 595 ophthalmii'
1807 524 2125 584 Processu&

1025 718 1150 792 De
1185 719 1768 816 procuratoribus
1818 733 1884 794 et
1933 715 2440 796 mandatariis.

1371 859 1380 868 ⁸
1475 882 1800 949 Titulus
1847 884 1992 950 VII.

738 1015 1002 1094 Quando
1026 1019 1248 1097 partes
1269 1032 1394 1079 non
1419 1015 1636 1080 volunt
1658 1017 1760 1081 vel
1778 1037 1905 1083 non
1926 1024 2192 1099 possunt
2213 1021 2410 1085 rebus
2434 1020 2565 1085 suis
2588 1021 2921 1104 interesse,

539 1124 658 1189 per
701 1110 1159 1188 procuratores
1206 1121 1404 1184 agere
1449 1103 1550 1168 vel
1599 1107 1923 1171 conveniri
1971 1112 2261 1186 possunt.

747 1195 863 1260 Est
907 1198 1122 1258 autem
1152 1197 1538 1272 procurator
1582 1186 1692 1270 (de
1726 1211 1847 1273 quo
1890 1194 1997 1259 hic
2024 1191 2373 1274 loquimur)
2422 1197 2517 1260 vir
2549 1197 2770 1278 bonuS‚
2819 1199 2924 1278 qui

543 1283 818 1348 alienam
879 1282 1054 1347 litem
1113 1279 1416 1344 mandato
1470 1281 1711 1346 domini
1769 1300 1850 1349 ex
1909 1288 2088 1348 certa
2170 1286 2471 1350 mercede
2533 1285 2928 1365 judicialiter

543 1359 1110 1448 administrat‘(B.
1159 1367 1263 1432 24.
1316 1366 1487 1431 Diat.
1541 1360 1642 1450 1.)
2540 1439 2547 1444 ,

743 1460 844 1523 De
874 1458 1033 1522 Jure
1063 1455 1397 1521 Communi
1442 1456 1606 1522 alius
1652 1464 1753 1524 est
1785 1465 2165 1540 procurator
2212 1479 2448 1541 rerum,
2497 1460 2659 1526 alius
2691 1461 2922 1542 litium;

545 1547 649 1612 hic
692 1551 1074 1628 procurator
1119 1543 1202 1608 ad
1247 1543 1446 1624 litem,
1496 1545 1601 1609 ille
1647 1549 2049 1626 negotiorum
2100 1555 2322 1629 gestor
2368 1549 2749 1631 appellatur.
2798 1550 2929 1615 Nos

547 1653 700 1701 vero
745 1635 953 1715 ipsum
1000 1633 1268 1698 dicimus
1317 1632 1699 1713 quandoque
1747 1636 2241 1714 mandatarium,
2303 1636 2685 1717 quandoque
2733 1657 2929 1720 nego·

546 1725 783 1790 tiorum
839 1720 1300 1802 praepositum,
1367 1720 1475 1798 qui
1539 1719 1620 1787 de
1667 1721 1817 1802 jure
1862 1730 2083 1789 nostro
2144 1725 2281 1789 sine
2328 1743 2443 1806 spe
2490 1726 2807 1790 mercedis
2852 1745 2929 1791 ex

549 1830 730 1877 mera
754 1807 1465 1977 charitatgsfffectione
1490 1807 1731 1887 judicio
1756 1813 2151 1878 intervenire
2188 1813 2383 1878 debet
2410 1804 2499 1894 (I.
2529 1816 2631 1878 49.
2663 1815 2834 1878 Diat.
2866 1816 2922 1879 1.

547 1899 597 1965 Ι.
649 1899 752 1964 52.
805 1897 978 1962 Βίεἰ.
1076 1948 1089 1961 .

744 1985 833 2050 Et
879 1985 1244 2049 admittitur
1285 1985 1352 2048 in
1401 1985 1694 2050 omnibus
1728 1987 1956 2066 causiS,
2006 1990 2291 2070 exceptis
2338 1989 2460 2053 illis
2508 1996 2800 2069 quatuor,
2850 1990 2929 2055 de

550 2075 780 2156 quibus
817 2091 1012 2154 supra
1042 2073 1108 2137 in
1133 2072 1254 2137 Tit.
1299 2072 1387 2136 de'
1408 2075 1868 2153 comparitione
1905 2077 2195 2156 diximuS,
2230 2079 2295 2142 in
2329 2077 2555 2155 quibus
2602 2095 2750 2141 reus
2780 2097 2927 2158 per-

553 2161 860 2228 sonaliter
883 2178 1259 2241 comparere
1281 2165 1558 2226 tenetur.
1574 2152 1689 2239 (A.
1710 2163 1811 2228 58.
1833 2164 2003 2229 Diat.
2021 2165 2081 2230 2.
2101 2165 2226 2229 Jua
2243 2186 2437 2249 prov.
2456 2164 2516 2230 Ο.
2537 2165 2639 2230 48.
2660 2159 2931 2253 influe.)

745 2251 822 2315 In
883 2250 1089 2314 causis
1137 2247 1424 2314 civilibus
1472 2247 1741 2328 quilibet
1797 2256 2013 2331 potest
2074 2254 2167 2317 uti
2210 2254 2761 2334 procuratoribuS,
2818 2255 2931 2320 sed

548 2357 674 2403 non
719 2339 784 2402 in
832 2335 1280 2402 criminalibus,
1343 2335 1508 2400 Nam
1579 2338 1632 2401 si
1677 2338 2102 2406 interveniret
2146 2349 2551 2422 procurator,
2614 2341 2737 2406 duo
2785 2343 2933 2407 inde

553 2431 978 2507 sequerentur
1006 2425 1448 2489 inconventia:
1494 2425 1803 2507 Primum,
1840 2428 2009 2507 quod
2046 2447 2325 2508 persona
2359 2431 2720 2510 puniretur,
2770 2449 2933 2508 quae

552 2535 681 2581 non
725 2512 1116 2595 deliquisset,
1160 2512 1457 2592 secund0,
1509 2513 1678 2594 quod
1710 2516 2009 2581 amissum
2040 2536 2168 2582 non
2212 2521 2431 2599 posset
2468 2518 2769 2598 consequi
2818 2538 2935 2599 per

555 2604 866 2668 actionem
917 2600 1204 2667 mandati
1242 2601 1652 2682 contrariam,
1700 2602 1887 2669 sicuti
1924 2604 1991 2669 in
2038 2606 2349 2671 civilibus
2399 2605 2603 2685 quue
2646 2606 2724 2670 de
2770 2607 2929 2672 Jure

555 2691 900 2756 Caesareo.

749 2778 1020 2844 Inolevit
1065 2777 1456 2843 consuetudo
1501 2777 1568 2841 in
1613 2778 1752 2843 foro
1800 2785 2042 2861 nostro,
2099 2785 2172 2846 ut
2217 2782 2657 2860 procuratoris
2712 2782 2932 2864 appel-

556 2868 796 2933 latione
841 2871 909 2931 et
955 2866 1304 2931 advocatus
1351 2883 1467 2930 seu
1519 2866 1875 2932 causidicus
1926 2870 2349 2933 contineatur.

753 2954 1116 3020 Advocatus
1180 2954 1432 3033 dicitur,
1497 2956 1604 3033 qui
1667 2972 1915 3035 quoquo
1974 2958 2185 3021 studio
2244 2962 2571 3037 operatur,
2638 2964 2706 3021 et
2749 2960 2803 3021 is
2852 2960 2932 3024 de

551 3044 591 3109 J
598 3063 713 3109 ure
726 3043 1059 3107 Communi
1085 3042 1388 3107 salarium
1414 3059 1596 3107 suum
1627 3042 1800 3107 licite
1824 3044 2007 3125 petit,
2036 3046 2186 3123 quia
2209 3044 2437 3124 dignus
2471 3050 2571 3109 est
2602 3048 2935 3125 operarius

555 3132 854 3197 mercede
877 3148 1013 3195 sua.
1049 3130 1234 3195 Unde
1267 3137 1334 3194 et
1358 3130 1556 3209 judex
1585 3132 1650 3195 in
1684 3128 2044 3197 honorariis
2078 3132 2536 3197 advocatorum
2568 3133 2659 3199 ita
2695 3136 2935 3199 versari

555 3221 767 3300 debet,
831 3223 901 3284 ut
945 3236 1063 3299 pro
1111 3218 1297 3283 modo
1343 3218 1474 3282 litis
1532 3234 1778 3299 proque
1824 3220 2121 3284 advocati
2160 3220 2460 3284 facundia
2507 3225 2574 3285 et
2618 3222 2739 3286 fori
2788 3242 2936 3288 con-

555 3308 890 3373 suetudine
924 3312 989 3371 et
1012 3304 1256 3387 judicii,
1306 3305 1366 3369 in
1404 3322 1529 3385 quo
1563 3311 1709 3370 erat
1740 3314 2021 3389 acturus,
2072 3309 2578 3373 aestimationem
2613 3310 2937 3391 adhibeat,

558 3395 898 3461 dummodo
944 3394 1189 3460 licitum
1235 3394 1648 3459 honorarium
1696 3397 2021 3473 quantitas
2066 3415 2193 3461 non
2242 3397 2631 3475 egrediatur.

757 3486 857 3547 De
902 3484 1199 3548 mercede
1231 3482 1672 3564 procuratoris
1696 3482 1847 3561 J‘ura
1881 3490 2101 3548 nostra
2134 3489 2445 3562 statuunt,
2493 3503 2574 3548 ne
2620 3505 2699 3549 ex
2748 3504 2943 3552 causa

552 3572 944 3655 pecuniaria,
977 3571 1368 3637 ascendente
1393 3569 1473 3635 ad
1493 3575 1748 3636 centum
1782 3590 2136 3652 sexagenas
2166 3590 2551 3651 grossorum,
2580 3574 2719 3654 plus
2746 3592 2935 3654 quam

557 3662 718 3725 duas
779 3678 1132 3739 sexagenas
1192 3677 1332 3726 cum
1393 3658 1656 3723 dimidia
1715 3660 1953 3724 tertiae
2008 3660 2249 3724 habeat
2329 3650 2370 3741 (
2367 3662 2443 3726 B.
2495 3660 2598 3725 33.
2652 3663 2824 3728 Diat.
2880 3665 2934 3728 1.

553 3751 681 3815 Jue
714 3769 906 3833 prov.
958 3747 1027 3812 U.
1065 3750 1123 3813 4.
1126 3741 1190 3829 ),
1239 3752 1306 3812 et
1366 3765 1444 3811 ex
1501 3764 1695 3811 causa
1758 3747 2147 3812 ascendente
2208 3749 2292 3811 ad
2351 3748 2526 3813 mille
2590 3767 2942 3832 sexagenas

559 3856 759 3919 gmss,
808 3854 931 3901 non
1022 3836 1123 3901 lus
1169 3854 1356 3916 quam
1391 3831 1474 3900 25
1523 3852 1652 3899 sex.
1700 3852 1796 3915 gr.
1846 3837 2124 3917 accipiat
2175 3826 2216 3914 (
2216 3837 2291 3901 B.
2327 3836 2433 3902 33.
2475 3837 2646 3903 Dist.
2700 3838 2760 3904 2.
2816 3840 2941 3902 Jaa

545 3948 737 4011 prov.
795 3924 864 3990 U.
901 3927 958 3989 4.
1005 3975 1021 3990 .
1074 3923 1150 3990 In
1181 3923 1638 3999 criminalibus
1689 3924 1942 4003 quando
1978 3925 2192 4003 agitur
2215 3924 2295 3988 de
2342 3924 2593 3989 delictis
2638 3932 2704 3991 et
2751 3946 2941 4008 prae-

547 4013 786 4095 judicio
855 4013 1099 4091 famae,
1166 4019 1430 4094 praeter
1480 4009 1518 4076 5
1565 4030 1696 4075 sex.
1746 4030 1843 4091 gr.
1892 4012 2048 4077 nihil
2095 4012 2156 4075 ei
2216 4017 2590 4077 numeretur
2659 4006 2774 4095 (B.
2834 4014 2935 4079 33.

556 4098 730 4167 Dist.
759 4104 816 4166 4.
817 4092 901 4182 );
945 4100 1060 4165 sed
1097 4100 1174 4165 de
1207 4100 1364 4165 Jure
1396 4100 1583 4164 Prov‘.
1625 4100 1745 4164 hoc
1787 4117 1936 4164 casu
1981 4104 2195 4181 potest
2237 4105 2619 4181 procurator
2649 4103 2943 4167 obtinere

557 4187 638 4253 10
684 4208 814 4254 sex.
863 4207 956 4269 gr.
1007 4181 1221 4267 (Vide
1264 4191 1334 4255 in
1377 4191 1544 4255 Jure
1589 4190 1780 4253 Prov.
1843 4187 1911 4254 U.
1965 4180 2068 4267 4.)

753 4279 828 4343 In
861 4277 1068 4341 causis
1098 4283 1314 4343 autem
1341 4278 1500 4359 aliis,
1536 4283 1605 4341 ut
1635 4282 1784 4343 sunt
1829 4275 2227 4355 injuriarum,
2268 4276 2630 4354 violentiae,
2666 4277 2943 4342 vulneris

557 4366 716 4431 illati
763 4371 830 4431 et
875 4364 1190 4446 similium,
1239 4372 1623 4447 procurator
1667 4360 2003 4447 habebit2
2051 4382 2179 4428 sex.
2214 4383 2332 4445 gr„
2382 4365 2436 4429 si
2485 4366 2748 4430 clientes
2794 4369 2945 4430 sunt

555 4454 818 4535 divites;
889 4455 943 4518 si
1001 4472 1152 4518 vero
1212 4460 1360 4519 sunt
1415 4470 1760 4535 pauperes»,
1832 4452 2179 4517 secundum
2242 4453 2478 4534 judicis
2550 4454 2942 4518 taxationem

557 4544 764 4607 minus
809 4542 1045 4623 accipit
1089 4532 1209 4620 (B.
1257 4541 1359 4610 33.
1412 4542 1585 4608 Dist.
1637 4531 1745 4623 5.)
