3350 5050
2888 411 2970 505 δί.

459 632 522 689 et
547 648 552 655 ·
575 642 722 701 quas
753 641 816 687 a
877 625 1098 695 uostris
1161 624 1493 685 habuerunt
1553 628 1638 703 etg
1675 624 1897 685 bebere
1940 624 2325 685 dinoscuntur
2390 620 2969 697 praedecessoribus,

457 730 594 808 rata
626 724 856 785 habere
897 724 1164 785 volumus
1196 729 1262 784 et
1287 729 1496 787 tenere
1542 730 1604 783 et
1645 723 1853 785 eadem
1896 723 2239 783 inconvulsa
2282 738 2653 793 conservare,
2715 737 2829 783 nec
2854 737 2969 782 non

455 824 618 899 quod
679 824 876 885 omnia
926 823 1240 899 privilegia
1298 838 1500 883 eorum
1551 840 1687 899 quae
1736 840 1775 883 a
1830 824 2055 883 nostris
2112 822 2334 883 habent
2392 822 2596 897 praede
2613 822 2972 895 sessoribus,

457 922 722 986 volumus
763 924 991 985 nostris
1036 922 1388 985 confirmare
1433 923 1652 997 sigillis
1699 920 1925 1003 (Pelzel
1971 922 2041 981 K.
2092 918 2261 1003 192).
2305 921 2515 983 Potom
2558 927 2662 995 tep
2678 938 2746 981 rv
2786 922 2971 981 Kerel

459 1023 805 1086 koruuovAn
850 1024 969 1084 due
1010 1026 1070 1087 2.
1116 1024 1280 1099 Sept.
1332 1026 1516 1085 1347.

657 1122 798 1184 Jine
818 1123 1044 1199 ‘pi-isne
1073 1123 1331 1199 zavazky
1374 1123 1544 1183 minii
1565 1123 1753 1185 Karel
1798 1122 1923 1183 sem
1963 1122 2205 1196 zavesti,
2244 1123 2569 1197 jmenovite
2614 1139 2683 1185 co
2717 1140 2781 1185 se
2825 1124 2964 1201 tyto

460 1222 632 1285 zboii
669 1223 1091 1305 kralovskebQ
1131 1224 1416 1299 narizujic
1457 1222 1662 1284 MGar.
1711 1222 1811 1284 VI.
1856 1223 2060 1287 takto:

657 1324 886 1399 Singuli
939 1341 1118 1401 reges
1179 1326 1466 1397 illustres,
1521 1325 1777 1385 heredes
1837 1339 2331 1398 successoresque
2394 1323 2601 1393 nostri,
2648 1325 2750 1399 -ad
2822 1342 2968 1399 quos

459 1440 705 1499 regnum
767 1442 842 1485 ex
895 1425 1056 1487 linea
1112 1424 1506 1487 successionis
1587 1422 1849 1499 legitime
1931 1424 2279 1485 devolvetur
2359 1422 2453 1483 vel
2511 1438 2587 1483 ea
2643 1422 2954 1485 deficiente

461 1526 767 1600 electionis
813 1525 950 1599 jure
1005 1529 1332 1601 perveniat,
1389 1522 1548 1585 infra
1595 1540 1859 1584 mensem
1916 1523 2257 1585 continuum
2316 1538 2716 1599 quemcunque
2774 1540 2811 1583 a
2854 1524 2965 1604 die,

459 1625 858 1687 successionis
889 1632 995 1689 aut
1029 1628 1340 1689 electionis
1375 1624 1819 1695 numerandum,
1843 1624 2124 1696 debeant,
2160 1628 2497 1684 sanctorum
2527 1624 2967 1699 evangeliorum

459 1725 610 1789 libro
631 1728 832 1803 posito
863 1742 1064 1791 coram
1093 1726 1202 1801 eis,
1236 1726 1300 1787 in
1329 1725 1568 1803 publico
1599 1727 1959 1803 testimonio,
2005 1725 2469 1800 proclamatione
2500 1742 2583 1784 sc.
2609 1730 2715 1787 aut
2741 1742 2961 1805 preco·-

458 1826 754 1886 nizatione
823 1826 1062 1901 publice
1128 1826 1526 1905 praecedente,
1589 1826 1652 1885 in
1708 1826 1843 1887 loco
1912 1826 2045 1901 ipso
2105 1826 2423 1897 dumtaxat,
2491 1840 2661 1900 quem
2718 1826 2795 1887 ad
2854 1827 2967 1899 hoc

461 1924 738 1987 duxerint
779 1927 1136 2003 eligendum,
1180 1927 1468 1989 ambabus
1498 1927 1769 1987 manibus
1814 1928 2041 1987 eisdem
2068 1928 2249 1986 tactis
2280 1928 2619 2001 evangeliis,
2672 1934 2961 2010 praestare

461 2026 850 2103 solempniter
883 2028 1320 2100 juramentum:

656 2128 703 2189 1.
747 2128 912 2203 quod
966 2129 1130 2189 nullo
1173 2144 1428 2203 unquam
1473 2136 1769 2207 tempore,
1831 2145 1941 2205 per
1987 2144 2052 2188 se
2095 2129 2191 2187 vel
2234 2128 2431 2202 alium,
2490 2130 2673 2189 tacite
2712 2128 2806 2191 vel
2850 2147 2959 2191 ex·

457 2244 689 2303 presse,
729 2229 968 2305 publico
1023 2229 1118 2291 vel
1161 2230 1414 2303 occulte,
1466 2236 1660 2290 terras
1726 2236 1829 2289 aut
1890 2234 2089 2289 cestra
2148 2243 2255 2287 seu
2290 2210 2442 2302 iura*
2487 2229 2745 2289 demanii
2788 2232 2963 2307 regii,

454 2329 706 2401 justitiae
769 2336 950 2414 atque
1015 2346 1234 2392 mensae
1291 2330 1594 2411 (zejmena
1633 2325 1993 2409 vypoctsna)
2053 2333 2115 2388 et
2154 2329 2275 2388 alia
2319 2330 2407 2387 eis
2447 2329 2669 2403 quaevis
2732 2329 2964 2403 depen-

461 2428 663 2489 dentia
712 2430 807 2489 vel
863 2446 1108 2501 annexa,
1161 2431 1224 2489 in
1281 2430 1533 2491 solidum
1595 2429 1687 2487 vel
1733 2431 1791 2487 in
1858 2434 2044 2503 parte,
2105 2429 2493 2488 communiter
2551 2428 2640 2489 vel
2705 2429 2961 2503 divisim,

461 2548 576 2590 non
621 2531 940 2605 donabunt,
985 2549 1102 2592 non
1147 2531 1421 2602 vendent,
1467 2549 1582 2592 nou
1627 2530 1861 2605 pignori
1907 2530 2282 2606 obligabunt3

657 2631 736 2692 11.
779 2647 892 2691 nec
930 2631 1039 2692 illa
1066 2631 1352 2707 cuiqnam,
1396 2637 1498 2692 eut
1528 2647 1733 2691 eorum
1777 2629 1934 2691 forte
1975 2632 2240 2706 regimen
2292 2631 2386 2690 vel
2428 2632 2758 2692 custodiam
2803 2649 2962 2692 com-

460 2732 694 2792 mittent
727 2732 824 2792 vel
857 2731 1349 2794 commendabunt
1381 2737 1676 2806 perpetuo
1718 2729 1815 2791 vel
1852 2729 1928 2791 ad
1990 2737 2223 2806 tempus
2274 2731 2515 2806 aliquod
2558 2733 2963 2809 terminatum

661 2831 764 2892 111.
811 2848 926 2891 non
971 2831 1254 2906 divident,
1299 2830 1394 2892 vel
1439 2833 1827 2904 separabunt,
1866 2847 1976 2891 nec
2020 2833 2201 2892 etiem
2244 2832 2686 2906 permutabunt3

662 2932 768 2994 lv.
811 2933 1067 3007 denique
1105 2932 1252 2993 nulli
1308 2932 1622 3002 hominum,
1679 2932 1859 2992 etiam
1900 2933 2077 3007 patri,
2134 2933 2226 2992 vel
2270 2931 2439 3007 filio,·
2470 2941 2575 2994 aut
2616 2933 2805 3005 fratri,
2848 2951 2960 3009 per

460 3026 698 3092 modum
735 3032 1098 3108 provisionis
1153 3031 1310 3096 forte
1364 3032 1458 3092 vel
1520 3033 1967 3092 sustentationis
2027 3033 2162 3094 vitae
2204 3048 2427 3108 eornm,
2485 3035 2579 3095 vel
2620 3035 2743 3094 alio
2784 3050 2963 3094 exco-

465 3131 652 3210 gitato
693 3134 872 3194 modo
916 3150 1265 3209 quocunque
1308 3133 1566 3194 tenenda
1610 3134 1705 3195 vel
1747 3133 2115 3209 possidenda
2156 3134 2505 3208 concedent;

663 3235 730 3293 V.
773 3251 885 3296 nec
924 3251 1038 3311 pro
1094 3233 1336 3296 dotibus
1393 3233 1648 3294 filiarum
1690 3241 1799 3296 aut
1841 3250 2135 3312 sororum,
2196 3251 2306 3294 nec
2368 3237 2589 3312 reginae
2648 3253 2827 3312 super
2872 3239 2961 3302 eie

462 3335 554 3394 vel
597 3351 796 3396 eorum
841 3337 1040 3411 aliquo
1085 3335 1422 3398 dotalitium
1464 3335 1891 3410 assignabunt3
2674 3361 2686 3368 ·

663 3434 764 3494 v1.
809 3451 920 3494 nec
961 3437 1159 3512 aliquo
1191 3438 1630 3510 praemissorum
1651 3436 1961 3498 modorum
1990 3437 2323 3498 distrahere
2352 3437 2445 3498 vel
2471 3440 2733 3501 alienare
2761 3442 2961 3505 volen-

462 3534 622 3593 tibus
651 3549 756 3592 seu
785 3534 1176 3594 tractantibus
1208 3552 1513 3596 assensum
1569 3537 1795 3596 directe
1847 3537 1939 3596 vel
1992 3538 2299 3611 indirecte,
2342 3553 2685 3612 quacunque
2728 3542 2961 3602 ratione

463 3634 558 3692 vel
601 3649 782 3695 causa
809 3637 1212 3712 praestabunu

665 3733 796 3794 VII.
840 3735 945 3796 sed
991 3752 1064 3798 ea
1107 3737 1396 3797 custodiri
1440 3741 1502 3796 et
1542 3737 1670 3812 regi
1728 3736 1948 3799 facient
2000 3757 2111 3814 per
2170 3740 2459 3802 officiales
2516 3744 2795 3816 proprios
2836 3742 2961 3802 atd.

662 3833 916 3896 Prisahu
957 3843 1088 3899 tuto
1129 3835 1271 3896 meli
1310 3837 1553 3900 kralove
1598 3837 1915 3912 opakovati
1958 3839 2053 3912 pfl
2092 3841 2457 3902 korunovam'
2504 3842 2859 3920 (reinterent
2898 3844 2960 3905 iu

462 3937 863 4013 coronatione,
907 3937 1064 4012 quod
1113 3937 1277 3998 nullo
1336 3955 1592 4012 unquam
1650 3945 1921 4014 tempore
1975 3940 2311 4002 libertatem
2370 3948 2474 4002 aut
2528 3943 2963 4020 exemptionem

464 4038 972 4112 separationemve
1017 4039 1274 4112 quusvis
1320 4040 1557 4112 generis
1601 4047 1663 4099 et
1706 4039 2055 4102 divisionem
2096 4059 2134 4103 e
2174 4059 2379 4118 regno,
2418 4043 2654 4116 juribus
2699 4051 2762 4103 et
2802 4045 2957 4104 limi—

461 4137 620 4200 tibus
666 4139 790 4200 suis
850 4139 1174 4200 concedent
1229 4134 1467 4222 (Mear.
1511 4137 1693 4222 XV.).
1780 4141 2155 4202 Generaliter
2200 4143 2537 4217 dignitates,
2596 4144 2855 4206 honores
2899 4151 2963 4206 et

457 4240 884 4314 praerogativas
943 4255 1146 4300 omnes
1203 4243 1374 4316 regni
1431 4240 1502 4300 B.
1546 4243 1829 4322 illibatas,
1874 4246 2185 4318 unitasque
2228 4243 2549 4318 defendere
2609 4254 2672 4307 et
2715 4262 2953 4306 servare

460 4355 578 4398 una
616 4357 746 4400 cum
789 4343 1008 4402 castris
1052 4349 1114 4402 et
1149 4344 1384 4416 juribus
1431 4344 1704 4404 omnibus
1750 4343 1989 4428 (XVI.).

659 4441 729 4502 R.
783 4441 938 4500 1356
983 4441 1220 4504 zavazal
1261 4443 1446 4505 Karel
1491 4445 1662 4525 June,
1720 4446 1903 4508 sveho
1946 4449 2128 4510 tebda
2170 4450 2539 4526 naslednika,
2600 4452 2667 4514 Ξο
2710 4451 2955 4530 nidehoi

457 4535 730 4628 neodcizi
770 4543 849 4603 od
889 4541 1152 4619 koruny:
1204 4544 1372 4618 Quod
1416 4547 1476 4604 in
1521 4553 1793 4606 eventum
1834 4548 1936 4608 ubi
1996 4567 2101 4610 nos
2162 4569 2267 4614 seu
2310 4551 2563 4614 heredes
2606 4559 2846 4616 nostros
2888 4556 2950 4618 in
