3350 5050
1121 476 1451 547 Respublica
1490 475 1731 544 Bojema.
1770 475 1902 542 Cap.
1941 473 2073 528 XIV
2094 514 2107 527 .
2678 481 2806 551 255

420 625 488 686 et
530 637 639 687 res
696 619 957 700 quaevis
1015 633 1291 698 magnae
1349 614 1710 696 signantur,
1767 615 1940 695 regis
2001 615 2200 695 signo.
2261 614 2400 680 Hoc
2446 617 2642 692 igitur
2691 621 2797 700 qui

414 708 707 790 fungitur
749 725 1035 786 munere,
1094 723 1163 770 os
1208 703 1347 770 fere
1394 703 1589 783 Regis
1637 709 1739 768 est
1782 709 1851 769 et
1893 703 2132 780 oculus,
2195 699 2384 778 μέγας
2433 698 2800 786 λογοθὲτης,

422 799 531 878 qui
578 796 789 861 aulam
836 795 1069 860 sectari
1129 810 1387 874 semper
1446 797 1514 856 et
1570 791 1808 856 circum
1867 792 2108 871 Regem
2171 809 2315 858 esse
2373 794 2585 860 debet.
2645 797 2800 863 Per-

421 903 657 965 magna
700 884 918 965 itaque
960 889 1062 948 est
1105 880 1242 962 ejus
1287 880 1372 945 ad
1418 879 1662 960 Regem
1708 880 1958 960 pariter
1987 887 2054 944 et
2089 881 2386 960 populum
2421 884 2792 952 authoritas-

425 973 620 1039 Venit
664 990 806 1036 cum
853 989 929 1037 eo
978 976 1040 1038 in
1084 968 1525 1036 sollicitudinis
1572 975 1822 1048 partem
1867 967 2485 1048 Pro-Cancellarius,
2535 989 2804 1051 quocum

424 1061 550 1139 ille,
599 1059 973 1125 Consistorii
1019 1057 1186 1138 regii
1232 1075 1309 1121 ac
1354 1057 1693 1122 sanctioris
1741 1055 1987 1120 consilii
2035 1060 2428 1136 secretariis,
2477 1063 2802 1130 actuariis.

423 1149 761 1214 libellariis
808 1155 875 1214 et
917 1146 1247 1227 quibusvis
1290 1144 1661 1210 ministeriis
1709 1144 2097 1209 moderatur.

623 1236 869 1301 Proto
891 1235 987 1298 -N
1010 1233 1430 1299 otariatus
1471 1233 1611 1296 ‘sive
1644 1231 2154 1297 Primiceriatum
2189 1234 2330 1310 quis
2371 1252 2601 1300 vocare
2637 1237 2802 1314 velit,

428 1330 783 1405 occupatur
827 1325 893 1387 in
940 1323 1319 1388 scriniorum
1366 1327 1433 1386 et
1474 1320 1841 1384 tabularum
1874 1320 2080 1400 Regni
2125 1321 2438 1401 sigillique
2477 1326 2808 1388 terrestris

428 1413 622 1478 fideli.
662 1431 737 1477 ac
782 1413 1132 1477 secretiore
1186 1409 1496 1483 custodia,
1558 1413 1688 1471 tam
1737 1409 2008 1489 publicis
2067 1427 2256 1489 quam
2303 1412 2568 1490 privatis
2629 1414 2807 1492 actiS,

428 1501 865 1566 contractibus
912 1500 1240 1578 quibusvis
1284 1495 1623 1561 nominatis
1670 1503 1738 1560 et
1783 1497 2208 1574 innominati&
2256 1500 2574 1579 rebusque
2613 1504 2814 1566 omnis

430 1589 689 1668 generis
735 1586 1275 1662 memorabilibus,
1320 1584 1559 1666 scripto
1592 1585 2234 1665 eompreuemlendis,
2281 1593 2474 1666 atque
2521 1607 2636 1652 suo
2676 1589 2812 1654 loco

436 1678 535 1742 vel
552 1679 623 1742 in
651 1677 931 1740 minores
954 1674 1052 1739 vel
1076 1677 1139 1738 in
1166 1673 1441 1752 majores
1466 1670 1719 1736 tabulas
1736 1673 2112 1752 referendis,
2137 1676 2421 1754 itemque
2442 1676 2814 1742 cohibendis

431 1765 733 1830 tabularii
765 1765 1197 1829 ministrorum
1230 1761 1468 1842 populo·
1515 1761 1808 1825 onerosis
1851 1761 2336 1827 extorsionibus.
2391 1763 2814 1845 Temporibus

431 1853 659 1936 priscis
725 1853 859 1917 viro
916 1851 1025 1916 ille
1084 1851 1376 1914 doctrina
1439 1867 1625 1927 quam
1688 1867 1930 1927 genere
1976 1850 2234 1916 clariori
2283 1852 2704 1918 mandabatur
2746 1847 2812 1933 ¹).

434 1941 565 2006 Sub
596 1939 705 2005 illo
736 1946 884 2005 sunt
909 1941 1077 2004 dicto
1103 1939 1471 2002 audientes:
1509 1935 2022 2015 Vice-Notarius,
2055 1938 2246 2019 sigilli
2263 1939 2552 2018 justitiae
2581 1947 2812 2018 custoS,

430 2031 915 2110 Ingressatores
948 2027 1151 2106 maj0r
1186 2029 1539 2105 minorque,
1588 2031 1655 2090 et
1687 2023 2100 2092 Tabelliones
2147 2030 2384 2093 caeteri
2434 2045 2654 2094 omnes
2701 2047 2814 2093 seu

434 2117 721 2182 Scribae.
784 2115 1227 2180 viee-Notarii
1293 2131 1487 2194 porro
1549 2112 1874 2178 custodiae
1945 2115 2452 2181 commendatum
2505 2116 2814 2196 justitiae,

432 2206 599 2286 quod
662 2204 953 2280 diximus,
1016 2201 1311 2282 sigillum,
1372 2202 1495 2265 etsi
1542 2200 1740 2265 Pedet'
1774 2200 2048 2266 Zemskcf.
2110 2193 2424 2281 (Sigillum
2472 2205 2814 2280 terrestre)

436 2298 725 2370 vocatur,
774 2293 1098 2356 diversum
1144 2297 1358 2355 tamen
1388 2289 1469 2353 ab
1502 2307 1577 2352 eo
1610 2289 1812 2369 sigillo
1845 2297 1963 2369 est,
1999 2291 2186 2369 quod,
2237 2299 2310 2355 ut
2336 2293 2515 2371 regni
2549 2293 2817 2374 insigne,

437 2380 742 2460 religiosa
801 2379 1354 2444 Protonotariatus
1421 2395 1577 2441 rura
1636 2383 1954 2443 servatur.
2024 2379 2299 2458 Etenim,
2357 2387 2814 2462 praeterquam

436 2469 607 2551 quod
639 2487 793 2533 usus
840 2466 977 2547 ejus
1006 2468 1073 2533 in
1118 2466 1257 2532 sola
1278 2464 1569 2544 justitiae
1616 2465 2168 2533 administratione
2202 2474 2320 2547 est,
2367 2477 2820 2551 repraesentat

434 2560 501 2623 id
534 2575 657 2622 non
691 2558 961 2635 leonem,
1008 2557 1123 2621 sed
1170 2556 1597 2621 adolescentis
1643 2555 1860 2635 speeie
1903 2555 2220 2637 sculptum
2253 2558 2463 2636 gentis
2494 2560 2810 2638 quondam

438 2645 789 2728 principem
852 2644 919 2709 S.
967 2644 1431 2709 wenceslaum.
1504 2642 1627 2707 Est
1692 2643 1901 2721 imago
1971 2643 2176 2709 lorica
2239 2644 2486 2725 induta,
2557 2655 2817 2725 gestans

437 2738 503 2800 in
548 2732 757 2813 capite
804 2732 1052 2813 galeam
1102 2730 1505 2797 semicirculo
1553 2730 1934 2811 redimitam,
1981 2736 2048 2795 et
2091 2735 2156 2797 in
2187 2734 2498 2807 manibus,
2548 2736 2815 2799 dextera

439 2821 697 2903 quidem
742 2820 1066 2885 fasciolam
1114 2838 1310 2901 super
1359 2819 1647 2884 sedentis
1705 2821 1770 2883 in
1817 2820 1974 2883 sede
2036 2820 2154 2885 viri
2199 2828 2410 2901 caput,
2474 2822 2553 2886 ad
2615 2824 2819 2887 instar

441 2909 655 2975 soleae
702 2910 1049 2988 sinuatam3
1098 2910 1361 2973 sinistra
1405 2926 1557 2973 vero
1605 2907 1902 2971 vexillum
1949 2898 2042 2978 (id
2091 2908 2278 2988 quod,
2327 2916 2547 2990 utpote
2595 2910 2820 2976 lancea

438 3001 502 3064 in
554 2998 769 3062 ulnam
808 2998 1111 3076 innitenS,
1159 2990 1598 3077 amplectitur)
1642 3004 1711 3059 et
1741 2996 2030 3077 clypeum
2066 2998 2472 3077 triquetrum,
2523 2999 2632 3078 qui
2663 3016 2819 3063 cono

438 3104 553 3150 suo
614 3086 913 3150 deorsum
976 3086 1384 3165 propendens
1442 3082 1720 3164 aquilam
1784 3084 1922 3149 alas
1979 3085 2444 3165 expandentem
2514 3092 2818 3152 ostentat.

442 3174 710 3254 Legitur
780 3190 971 3254 porro
1040 3174 1348 3253 scriptum
1415 3173 1477 3236 iu
1544 3172 1966 3249 semicirculo,
2036 3173 2146 3253 qui
2213 3174 2442 3253 galeae
2515 3176 2822 3255 principis

440 3260 780 3326 incumbit:
834 3260 891 3326 S.
930 3261 1509 3337 Wencezlaus;
1558 3262 1623 3324 in
1654 3258 1950 3328 fasciola:
2001 3262 2224 3326 Citat
2269 3262 2359 3325 ad
2397 3262 2819 3340 ‚judiciuun

440 3355 513 3415 et
552 3350 614 3413 in
662 3349 852 3429 sigilli
898 3348 1267 3429 peripheria
1313 3350 1485 3413 inter
1530 3347 1876 3429 parallelos
1922 3349 2231 3413 circulos:
2283 3344 2326 3427 †
2363 3348 2429 3414 S.
2461 3343 2820 3415 Justieie

440 3439 717 3503 tocius
766 3444 997 3502 terre
1045 3435 1197 3502 Sci.
1248 3436 1720 3501 wencezlai
1767 3436 2006 3501 Ducis
2051 3437 2313 3503 Boem.

640 3523 1415 3590 Subcamerariatus
1460 3524 1647 3589 datus
1679 3528 1779 3587 est
1809 3523 2188 3589 Civitatibus
2222 3526 2280 3589 in
2313 3524 2590 3589 consiliis
2627 3526 2820 3605 Regis

440 3612 901 3678 secretioribus
948 3613 1257 3678 adversus
1302 3613 1702 3692 potentiores
1751 3611 2190 3691 defendendis,
2254 3613 2576 3679 Baronum
2623 3614 2822 3695 Equi-

443 3708 661 3765 tumve
708 3707 933 3765 contra
979 3718 1090 3765 eas
1136 3699 1549 3781 querimoniis
1594 3702 2176 3781 controversiisque
2225 3702 2702 3781 cognoscendis
2756 3708 2824 3767 et

446 3791 689 3867 absque
734 3788 854 3853 fori
902 3789 1199 3870 strepitu,
1251 3788 1457 3868 quoad
1505 3786 1645 3851 fieri
1693 3790 1951 3868 potest,
2025 3790 2374 3854 arbitrario
2433 3790 2581 3869 ,iure
2652 3806 2822 3855 com-

446 3876 781 3959 ponendis,
816 3876 1069 3941 mulctis
1101 3876 1345 3941 civibus
1374 3876 1457 3939 ob
1490 3876 1781 3940 enormia
1812 3876 2050 3941 delicta
2081 3878 2384 3957 irrogatis
2433 3879 2512 3941 ab
2547 3878 2824 3943 civitatis

444 3970 674 4029 senatu
704 3965 1055 4044 exigendis,
1102 3970 1172 4029 et
1219 3963 1703 4045 magistrati-bus
1753 3964 1974 4028 annuis
2019 3966 2084 4028 in
2133 3966 2402 4030 urbibus
2442 3967 2658 4045 regiiS,
2707 3984 2823 4047 pro

449 4052 943 4133 uniuscujusque
993 4053 1169 4117 urbis
1202 4052 1661 4117 consuetudine
1693 4051 2092 4117 innovandis.
2141 4054 2230 4117 Et
2275 4055 2560 4133 quamvis
2597 4072 2824 4119 munus

448 4140 569 4204 hoc
628 4141 927 4206 vendicet
994 4141 1119 4206 sibi
1178 4142 1355 4205 Ordo
1420 4139 1772 4219 Equester,
1835 4138 2108 4205 liberum
2170 4149 2416 4205 tamenv
2451 4142 2610 4223 Regi
2675 4143 2825 4221 jura

448 4228 834 4309 relinquunt,
882 4230 936 4293 si
987 4229 1139 4294 velit
1184 4230 1463 4308 aliquem
1508 4247 1587 4293 ex
1634 4227 1876 4291 civibus
1920 4227 2176 4307 Pragae
2217 4230 2480 4310 Majoris
2523 4231 2822 4295 idoneum

446 4316 511 4381 ei
578 4315 953 4396 praeficere.
1026 4315 1141 4381 Sic
1193 4335 1231 4381 a
1292 4315 1701 4396 Sigismundo
1761 4315 1922 4396 Imp.
1985 4308 2166 4398 (anre.
2231 4310 2442 4400 1436)
2501 4318 2828 4383 Johannes

652 4512 699 4579 ¹)
736 4510 990 4565 Andreas
1028 4514 1161 4567 baro
1200 4512 1269 4565 de
1308 4514 1479 4569 Duba.
1520 4514 1596 4567 M.
1634 4514 1690 4569 S.
