3350 5050
585 519 671 588 48
1377 515 1442 571 V.
1487 514 1826 584 Ophthalrnii
1862 515 2177 570 Processus.

583 661 701 735 est,
763 659 836 720 ut
881 656 1152 737 pupillos
1197 657 1381 720 bonis
1446 655 1728 720 moribus
1774 655 2073 719 instituat
2132 659 2200 718 et
2262 659 2391 718 tam
2442 654 2714 721 salutem
2780 676 2971 736 quam

582 763 820 824 corpus
865 744 1116 809 illorum
1165 750 1348 808 curet
1397 736 1519 823 (D.
1570 733 1720 822 20.)
2980 749 2983 756 '

779 846 1062 928 Pupillus
1109 847 1374 912 educari
1423 847 1618 910 debet
1664 846 1832 924 apud
1884 852 2175 922 matrem,
2212 847 2267 909 si
2314 846 2584 927 innupta
2630 847 2970 916 manserit:

582 934 635 998 si
673 953 820 998 vero
868 935 1160 1016 nupserit
1205 935 1303 999 vel
1335 941 1588 999 mortua
1633 935 1845 1012 suerit,
1860 934 2053 1013 ‘apud
2098 940 2400 1011 cognatos
2434 943 2547 998 aut
2580 953 2707 1012 eos,
2746 935 2973 1014 quibus

574 1023 996 1102 'magistratus
1029 1041 1170 1087 eam
1205 1023 1593 1104 provinciam
1621 1023 1928 1087 decernit.
1978 1023 2098 1084 Est
2130 1027 2345 1086 autem
2380 1023 2779 1102 potissimum
2818 1041 2989 1108 cura,

581 1110 964 1190 adhibenda,
1026 1130 1106 1174 ne
1153 1111 1327 1190 apud
1392 1127 1502 1175 eos
1551 1110 1829 1190 pupillus
1888 1110 2215 1190 educetur,
2274 1110 2381 1175 ubi
2430 1111 2739 1190 pudicitia
2802 1111 2970 1174 illius

579 1198 932 1280 periclitari
979 1199 1199 1278 possit.
1846 1279 1851 1283 ,

775 1301 873 1364 De
920 1301 1078 1368 Jure
1123 1309 1343 1366 nostro
1391 1301 1619 1366 saltem
1667 1300 1930 1379 legitimi
1980 1305 2224 1364 tutores
2271 1301 2608 1375 satisdant‚
2661 1319 2796 1365 rem
2846 1320 2964 1382 pu-

578 1387 870 1468 pillorum
921 1391 1160 1454 salvam
1209 1393 1347 1455 fore
1396 1379 1520 1469 (D.
1573 1391 1629 1455 7.
1682 1389 1851 1453 Diat.
1888 1391 1961 1451 .4.
2015 1389 2141 1452 Jua
2168 1389 2357 1453 Prov.
2413 1387 2461 1453 I.
2514 1383 2683 1466 62.).
2736 1389 2963 1454 Testa-

581 1478 878 1540 mentarii
915 1485 980 1542 et
1007 1478 1200 1541 dativi
1235 1495 1348 1542 seu
1375 1477 1664 1541 Attiliani
1698 1482 1945 1540 tutores
1976 1476 2393 1540 satisdatione
2427 1495 2553 1541 non
2596 1484 2965 1555 onerantur,

581 1565 730 1643 quia
775 1563 841 1626 hi
887 1563 1097 1630 idonei
1140 1566 1325 1630 electi
1361 1571 1509 1628 sunt
1565 1571 1633 1628 et
1679 1564 1932 1628 illorum
1987 1563 2145 1627 fides
2193 1583 2268 1627 ac
2316 1563 2649 1644 diligentia
2696 1566 2777 1630 ab
2825 1567 2963 1646 ipso

581 1657 892 1716 testatore
952 1656 1317 1734 ‚approbata
1375 1663 1490 1717 est.
1551 1652 1704 1716 Post
1764 1651 2376 1716 administrationem
2438 1652 2681 1718 tutelae
2750 1657 2965 1717 tamen

580 1740 658 1804 (le
706 1741 957 1804 ratione
1005 1739 1342 1805 reddenda
1389 1747 1691 1804 tenentur
1740 1731 1861 1812 (D.
1917 1741 2016 1804 14.
2050 1740 2154 1804 .D.
2209 1729 2355 1818 16.)

775 1845 1035 1912 Patriae
1081 1847 1423 1927 potestatis
1485 1851 1662 1909 tutor
1712 1861 1920 1922 neque
1984 1842 2067 1906 ad
2116 1841 2557 1907 satisdandum
2627 1861 2833 1924 neque
2883 1843 2964 1908 ad

580 1931 894 1997 rationem
997 1933 1389 1998 reddendam
1479 1930 1831 2012 obligatur;
1932 1931 2243 2008 siquidem
2324 1929 2461 2008 ejus
2542 1933 2747 1996 tutela
2829 1932 2965 1997 sola

576 2021 781 2099 patris
841 2020 1076 2087 fiducia
1125 2022 1350 2086 nititur
1397 2011 1520 2097 (D.
1573 2015 1631 2085 9.
1685 2019 1810 2084 Jua
1858 2019 2049 2082 Prov.
2104 2017 2152 2082 I.
2206 2011 2374 2100 612).
2439 2019 2528 2084 Et
2584 2020 2729 2084 talis
2790 2025 2963 2084 tutor

575 2125 718 2172 cum
792 2117 973 2188 patre
1041 2109 1328 2189 ejusdem
1400 2117 1500 2174 est
1565 2107 1907 2190 potestatis
1955 2098 2117 2186 (Jus
2158 2106 2352 2170 Prov.
2408 2104 2460 2171 Ι.
2508 2109 2611 2173 61.
2614 2097 2677 2188 ),
2742 2109 2833 2172 ita
2891 2113 2963 2172 ut

576 2197 963 2262 necessitate
1035 2201 1306 2278 cogente
1377 2203 1446 2261 et
1513 2196 1706 2261 alium
1776 2201 2053 2260 tutorem
2122 2195 2185 2258 in
2246 2194 2456 2260 locum
2520 2213 2701 2260 suum
2762 2198 2963 2277 possit

585 2284 972 2350 substituere
1043 2277 1166 2364 (D.
1219 2288 1277 2350 9.
1331 2286 1507 2349 Dv‘st.
1529 2274 1636 2364 2.)
1700 2283 2049 2348 Honoratii
2095 2301 2346 2362 quoque
2394 2286 2641 2350 tutores
2689 2303 2727 2349 a
2773 2285 2960 2350 satis·

580 2371 838 2438 datione
884 2378 952 2437 et
995 2373 1264 2439 rationis
1311 2373 1684 2438 reddendae
1733 2390 1928 2436 onere
1977 2377 2381 2436 excusantur.

771 2475 955 2541 Licet
1021 2481 1303 2541 tutorum
1352 2474 1666 2540 autoritas
1735 2473 1819 2538 sit
1863 2492 2117 2555 magna,
2188 2478 2403 2539 tamen
2466 2474 2588 2539 illis
2649 2493 2775 2541 non
2846 2482 2948 2542 est

573 2563 836 2641 licitum,
885 2582 992 2629 res
1040 2562 1427 2644 pupillorum
1487 2563 1587 2627 vel
1635 2563 1922 2628 alienare
1985 2563 2085 2628 vel
2132 2562 2214 2627 ad
2278 2558 2347 2626 se
2395 2564 2772 2643 transferre,
2822 2564 2957 2629 sine

574 2649 836 2716 decreto
877 2652 1109 2732 Judicis
1141 2642 1182 2734 (
1179 2653 1266 2716 D.
1293 2650 1396 2716 33.
1400 2642 1457 2732 ).
1511 2650 1716 2716 Tutor
1763 2652 1931 2716 enim
1979 2652 2041 2715 in
2075 2651 2258 2716 bonis
2291 2651 2514 2732 pupilli
2548 2670 2666 2732 pro
2700 2652 2953 2717 domino

574 2738 867 2821 habetur,
919 2759 1110 2820 quum
1159 2738 1426 2804 tutelam
1457 2740 1619 2804 bene
1653 2739 2078 2816 administrat,
2128 2742 2195 2803 et
2223 2756 2371 2819 non,
2409 2758 2595 2823 quum
2646 2739 2953 2821 pupillum

573 2827 827 2908 spoliat,
874 2829 995 2893 nisi
1044 2829 1194 2909 quid
1243 2827 1590 2892 autoritate
1629 2828 1862 2908 Judicis
1908 2827 2237 2907 possideat
2298 2818 2339 2903 (
2336 2830 2422 2891 D.
2454 2827 2562 2892 33.
2612 2828 2783 2894 Diat.
2833 2828 2892 2894 3.
2896 2820 2954 2907 ).

773 2932 871 2996 De
909 2932 1054 3009 jure
1085 2932 1428 3007 Caesarem
1477 2930 1789 2993 autoritas
1836 2934 2117 2993 tutorum
2168 2935 2265 2992 est
2306 2929 2676 2993 necessaria
2723 2930 2957 2995 saltem

583 3019 646 3084 in
696 3018 790 3098 iis,
838 3020 901 3082 in
952 3020 1180 3099 quibus
1226 3018 1347 3098 ipsi
1394 3017 1761 3096 obligantur
1792 3016 1953 3095 aliis,
2000 3025 2073 3080 ut
2117 3017 2168 3079 si
2217 3016 2369 3095 quid
2414 3018 2637 3097 pupilli
2668 3019 2964 3083 dederint

577 3107 677 3171 vel
737 3107 1144 3171 vendiderint
1205 3104 1368 3182 aliis,
1411 3122 1559 3168 non
1607 3110 1823 3169 autem
1883 3104 1937 3167 si
1985 3103 2134 3183 quid
2195 3104 2416 3169 datum
2464 3106 2561 3169 vel
2629 3108 2954 3172 venditum

573 3194 788 3259 fuerit.
849 3194 1143 3274 Namque
1188 3194 1520 3257 meliorem
1583 3192 1838 3272 quidem
1892 3190 2313 3256 conditionem
2378 3193 2529 3257 licet
2588 3194 2679 3258 eis
2740 3195 2956 3260 facere

573 3285 769 3348 otiam
828 3286 963 3347 sine
1011 3283 1244 3346 tutoris
1301 3279 1674 3359 autoritate,
1722 3280 2112 3345 deteriorem
2154 3298 2308 3344 vero
2354 3299 2480 3344 non
2527 3279 2718 3346 aliter
2764 3301 2954 3363 quam

579 3390 722 3437 cum
772 3374 1006 3437 tutoris
1057 3370 1425 3435 autoritate.

775 3474 937 3538 Illud
1000 3474 1347 3556 praecipue
1415 3477 1717 3537 servatur
1772 3471 1837 3535 in
1902 3472 2190 3552 personis
2235 3472 2475 3552 liberiS,
2544 3476 2766 3537 nostro
2828 3472 2958 3551 juri

573 3562 900 3641 subJ'ectis,
933 3563 1101 3642 quod
1129 3560 1765 3626 Senatusconsultum
1792 3560 2327 3625 Macedonianum
2354 3560 2681 3641 prohibuit
2704 3568 2959 3625 mutuas

573 3653 877 3731 pecunias
923 3651 1050 3715 illis
1098 3651 1241 3715 dari
1286 3655 1353 3713 et
1399 3668 1651 3714 omnem
1707 3648 2017 3713 actionem
2068 3654 2198 3712 tam
2242 3648 2549 3712 adversus
2582 3650 2955 3727 mutuariOS,

575 3756 765 3817 quam
812 3756 922 3803 eos
971 3756 1240 3818 quorum
1303 3738 1366 3801 in
1411 3742 1737 3818 potestate
1784 3740 1948 3815 sunt,
2012 3737 2319 3816 denegari
2382 3726 2424 3814 (
2421 3738 2508 3801 D.
2554 3736 2659 3803 32.
2712 3740 2801 3801 D.
2850 3738 2961 3801 40.

570 3827 698 3891 Jua
745 3826 937 3891 Prov.
992 3826 1042 3892 I.
1095 3816 1243 3907 67.)

768 3914 912 3981 Hoc
937 3912 1570 3980 Senatusconsultum
1599 3912 2128 3977 Macedonianum
2167 3912 2311 3976 ideo
2359 3918 2459 3976 est
2490 3913 2944 3985 introductum,

575 4003 723 4082 quia
768 4022 961 4084 saepe
1010 4003 1264 4068 onerati
1298 4018 1450 4065 aere
1497 4000 1705 4065 alieno
1754 4000 2141 4065 creditarum
2190 4002 2626 4081 pecuniarum,
2688 4020 2846 4081 quas
2893 4004 2953 4065 in

571 4091 881 4155 luxuriam
918 4092 1396 4167 consumebant,
1432 4088 1622 4167 vitae,
1674 4107 1941 4167 quorum
1990 4089 2053 4152 in
2087 4093 2409 4168 potestate
2455 4094 2661 4165 erant,
2696 4090 2956 4153 insidia-

571 4179 824 4244 bantur.
895 4178 995 4243 Ne
1043 4180 1236 4259 igitur
1300 4178 1400 4242 cui
1448 4178 1597 4256 quid
1665 4184 1915 4243 mutues
1976 4178 2095 4241 nisi
2162 4176 2492 4257 perfectae
2555 4179 2790 4242 aetatis
2854 4178 2959 4257 sit,

573 4285 737 4346 quae
806 4268 868 4331 in
933 4268 1280 4331 masculum
1353 4266 1433 4329 ad
1493 4264 1716 4328 XVIII
1779 4272 1845 4329 et
1913 4267 1977 4329 in
2045 4264 2343 4330 seminam
2410 4266 2489 4329 ad
2548 4267 2665 4330 XV
2726 4284 2957 4330 annum

571 4354 815 4435 incidit,
895 4356 998 4435 qui
1082 4374 1286 4420 annus
1357 4354 1590 4418 (licitur
1664 4370 1865 4417 annus
1936 4353 2293 4434 pubertatis
2376 4354 2471 4416 vel
2552 4354 2957 4420 discretionis

567 4432 690 4518 (D.
711 4444 817 4509 26.
859 4444 1026 4509 Diat.
1047 4432 1172 4523 2.)
1223 4442 1425 4507 Nemo
1467 4449 1682 4506 tamen
1719 4440 1987 4504 liberam
2036 4459 2294 4505 suorum
2338 4442 2645 4506 bonorum
2690 4442 2957 4507 admini-

570 4533 946 4597 strationem
979 4533 1408 4613 consequitur,
1441 4529 1565 4593 nisi
1596 4528 1900 4594 habuerit
1931 4548 2131 4593 annos
2158 4529 2275 4593 XX
2300 4522 2464 4609 (Jua
2490 4531 2684 4594 Prov.
2712 4530 2762 4595 Ι.
2786 4519 2950 4611 55.)
