<?xml version="1.0" encoding="UTF-8"?>
<!DOCTYPE html PUBLIC "-//W3C//DTD XHTML 1.0 Transitional//EN"
    "http://www.w3.org/TR/xhtml1/DTD/xhtml1-transitional.dtd">
<html xmlns="http://www.w3.org/1999/xhtml" xml:lang="en" lang="en">
 <head>
  <title>
</title>
<meta http-equiv="Content-Type" content="text/html;charset=utf-8" />
  <meta name='ocr-system' content='tesseract 3.04.00' />
  <meta name='ocr-capabilities' content='ocr_page ocr_carea ocr_par ocr_line ocrx_word'/>
</head>
<body>
  <div class='ocr_page' id='page_1' title='image "./spisyprvnickopr00repugoog_0025.png"; bbox 0 0 3350 5050; ppageno 0'>
   <div class='ocr_carea' id='block_1_1' title="bbox 1434 451 2849 554">
    <p class='ocr_par' dir='ltr' id='par_1_1' title="bbox 1434 451 2849 554">
     <span class='ocr_line' id='line_1_1' title="bbox 1434 451 2849 554; baseline 0.013 -49"><span class='ocrx_word' id='word_1_1' title='bbox 1434 451 1540 554; x_wconf 68' lang='lat' dir='ltr'><strong>rit.</strong></span> <span class='ocrx_word' id='word_1_2' title='bbox 1579 453 1650 507; x_wconf 92' lang='lat'><strong>11.</strong></span> <span class='ocrx_word' id='word_1_3' title='bbox 1689 459 1743 506; x_wconf 77' lang='lat' dir='ltr'><strong>et</strong></span> <span class='ocrx_word' id='word_1_4' title='bbox 1780 451 1877 508; x_wconf 83' lang='lat'>111.</span> <span class='ocrx_word' id='word_1_5' title='bbox 2770 455 2849 524; x_wconf 83' lang='lat'><strong>13</strong></span> 
     </span>
    </p>
   </div>
   <div class='ocr_carea' id='block_1_2' title="bbox 467 588 2851 838">
    <p class='ocr_par' dir='ltr' id='par_1_2' title="bbox 467 588 2851 838">
     <span class='ocr_line' id='line_1_2' title="bbox 468 588 2848 675; baseline -0.003 -12"><span class='ocrx_word' id='word_1_6' title='bbox 468 593 991 662; x_wconf 82' lang='lat' dir='ltr'><strong>conventionibus</strong></span> <span class='ocrx_word' id='word_1_7' title='bbox 1037 596 1267 675; x_wconf 89' lang='lat' dir='ltr'><strong>sponte</strong></span> <span class='ocrx_word' id='word_1_8' title='bbox 1297 588 1846 655; x_wconf 83' lang='lat' dir='ltr'><strong>consentientibus</strong></span> <span class='ocrx_word' id='word_1_9' title='bbox 1891 595 2152 656; x_wconf 88' lang='lat' dir='ltr'><strong>tenetur</strong></span> <span class='ocrx_word' id='word_1_10' title='bbox 2197 595 2392 672; x_wconf 87' lang='lat' dir='ltr'><strong>stare,</strong></span> <span class='ocrx_word' id='word_1_11' title='bbox 2433 591 2619 671; x_wconf 86' lang='lat' dir='ltr'><strong>juxta</strong></span> <span class='ocrx_word' id='word_1_12' title='bbox 2663 591 2848 655; x_wconf 89' lang='lat' dir='ltr'><strong>illud:</strong></span> 
     </span>
     <span class='ocr_line' id='line_1_3' title="bbox 467 677 2851 838; baseline -0.003 -88"><span class='ocrx_word' id='word_1_13' title='bbox 467 686 670 838; x_wconf 50' lang='lat' dir='ltr'><strong>{aiga</strong></span> <span class='ocrx_word' id='word_1_14' title='bbox 694 686 1052 837; x_wconf 69' lang='lat' dir='ltr'><strong>4conventu</strong></span> <span class='ocrx_word' id='word_1_15' title='bbox 1097 685 1246 745; x_wconf 87' lang='lat' dir='ltr'><strong>rata</strong></span> <span class='ocrx_word' id='word_1_16' title='bbox 1289 684 1497 757; x_wconf 88' lang='lat' dir='ltr'><strong>sunto,</strong></span> <span class='ocrx_word' id='word_1_17' title='bbox 1545 683 1617 740; x_wconf 89' lang='lat' dir='ltr'><strong>ut</strong></span> <span class='ocrx_word' id='word_1_18' title='bbox 1664 677 1854 744; x_wconf 90' lang='lat' dir='ltr'><strong>docet</strong></span> <span class='ocrx_word' id='word_1_19' title='bbox 1894 679 2022 743; x_wconf 76' lang='lat' dir='ltr'><strong>Jus</strong></span> <span class='ocrx_word' id='word_1_20' title='bbox 2054 678 2255 767; x_wconf 74' lang='lat' dir='ltr'><strong>Praq.</strong></span> <span class='ocrx_word' id='word_1_21' title='bbox 2306 681 2423 745; x_wconf 70' lang='lat' dir='ltr'><strong>sub</strong></span> <span class='ocrx_word' id='word_1_22' title='bbox 2469 679 2561 745; x_wconf 75' lang='lat' dir='ltr'><strong>lit.</strong></span> <span class='ocrx_word' id='word_1_23' title='bbox 2611 683 2691 744; x_wconf 84' lang='grc' dir='ltr'><strong>Α.</strong></span> <span class='ocrx_word' id='word_1_24' title='bbox 2742 680 2851 761; x_wconf 80' lang='grc'><strong>41,</strong></span> 
     </span>
    </p>
   </div>
   <div class='ocr_carea' id='block_1_3' title="bbox 663 866 2851 1225">
    <p class='ocr_par' dir='ltr' id='par_1_3' title="bbox 663 866 2851 1010">
     <span class='ocr_line' id='line_1_4' title="bbox 663 866 2851 934; baseline -0.001 -9"><span class='ocrx_word' id='word_1_25' title='bbox 663 873 843 926; x_wconf 81' lang='lat' dir='ltr'><strong>Causa</strong></span> <span class='ocrx_word' id='word_1_26' title='bbox 862 870 1098 924; x_wconf 84' lang='lat' dir='ltr'><strong>efficiens</strong></span> <span class='ocrx_word' id='word_1_27' title='bbox 1127 869 1420 923; x_wconf 82' lang='lat' dir='ltr'><strong>aditionem</strong></span> <span class='ocrx_word' id='word_1_28' title='bbox 1447 873 1531 920; x_wconf 87' lang='lat' dir='ltr'><strong>est</strong></span> <span class='ocrx_word' id='word_1_29' title='bbox 1556 866 1815 934; x_wconf 81' lang='lat' dir='ltr'><strong>obligatio</strong></span> <span class='ocrx_word' id='word_1_30' title='bbox 1846 874 1901 920; x_wconf 87' lang='lat' dir='ltr'><strong>et</strong></span> <span class='ocrx_word' id='word_1_31' title='bbox 1925 883 2077 922; x_wconf 88' lang='lat' dir='ltr'><strong>mora</strong></span> <span class='ocrx_word' id='word_1_32' title='bbox 2103 868 2178 920; x_wconf 89' lang='lat' dir='ltr'><strong>rei</strong></span> <span class='ocrx_word' id='word_1_33' title='bbox 2210 870 2265 922; x_wconf 90' lang='lat' dir='ltr'><strong>in</strong></span> <span class='ocrx_word' id='word_1_34' title='bbox 2284 866 2665 921; x_wconf 84' lang='lat' dir='ltr'><strong>satisfaciendo</strong></span> <span class='ocrx_word' id='word_1_35' title='bbox 2688 867 2851 922; x_wconf 84' lang='lat' dir='ltr'><strong>facta.</strong></span> 
     </span>
     <span class='ocr_line' id='line_1_5' title="bbox 669 937 2156 1010; baseline -0.003 -14"><span class='ocrx_word' id='word_1_36' title='bbox 669 943 978 1010; x_wconf 88' lang='lat' dir='ltr'><strong>Subjectum</strong></span> <span class='ocrx_word' id='word_1_37' title='bbox 1017 948 1101 994; x_wconf 88' lang='lat' dir='ltr'><strong>est</strong></span> <span class='ocrx_word' id='word_1_38' title='bbox 1138 939 1416 994; x_wconf 89' lang='lat' dir='ltr'><strong>consilium</strong></span> <span class='ocrx_word' id='word_1_39' title='bbox 1455 945 1510 992; x_wconf 88' lang='lat' dir='ltr'><strong>et</strong></span> <span class='ocrx_word' id='word_1_40' title='bbox 1548 937 1864 992; x_wconf 81' lang='lat' dir='ltr'><strong>deliberatio</strong></span> <span class='ocrx_word' id='word_1_41' title='bbox 1904 938 2156 992; x_wconf 89' lang='lat' dir='ltr'><strong>adeundi.</strong></span> 
     </span>
    </p>

    <p class='ocr_par' dir='ltr' id='par_1_4' title="bbox 668 1011 1592 1083">
     <span class='ocr_line' id='line_1_6' title="bbox 668 1011 1592 1083; baseline -0.005 -15"><span class='ocrx_word' id='word_1_42' title='bbox 668 1015 950 1081; x_wconf 87' lang='lat' dir='ltr'><strong>Objectum</strong></span> <span class='ocrx_word' id='word_1_43' title='bbox 989 1020 1072 1066; x_wconf 85' lang='lat' dir='ltr'><strong>est</strong></span> <span class='ocrx_word' id='word_1_44' title='bbox 1107 1028 1343 1083; x_wconf 87' lang='lat' dir='ltr'><strong>persona</strong></span> <span class='ocrx_word' id='word_1_45' title='bbox 1371 1011 1592 1078; x_wconf 76' lang='lat' dir='ltr'><strong>judicis,</strong></span> 
     </span>
    </p>

    <p class='ocr_par' dir='ltr' id='par_1_5' title="bbox 665 1081 2289 1154">
     <span class='ocr_line' id='line_1_7' title="bbox 665 1081 2289 1154; baseline -0.004 -14"><span class='ocrx_word' id='word_1_46' title='bbox 665 1088 864 1140; x_wconf 83' lang='lat' dir='ltr'><strong>Forma</strong></span> <span class='ocrx_word' id='word_1_47' title='bbox 903 1091 1002 1154; x_wconf 89' lang='lat' dir='ltr'><strong>est,</strong></span> <span class='ocrx_word' id='word_1_48' title='bbox 1040 1091 1102 1136; x_wconf 88' lang='lat' dir='ltr'><strong>ut</strong></span> <span class='ocrx_word' id='word_1_49' title='bbox 1128 1083 1300 1151; x_wconf 85' lang='lat' dir='ltr'><strong>judex</strong></span> <span class='ocrx_word' id='word_1_50' title='bbox 1339 1089 1484 1136; x_wconf 85' lang='lat' dir='ltr'><strong>recte</strong></span> <span class='ocrx_word' id='word_1_51' title='bbox 1521 1088 1576 1134; x_wconf 88' lang='lat' dir='ltr'><strong>et</strong></span> <span class='ocrx_word' id='word_1_52' title='bbox 1614 1081 2007 1148; x_wconf 84' lang='lat' dir='ltr'><strong>praemeditato</strong></span> <span class='ocrx_word' id='word_1_53' title='bbox 2045 1081 2289 1135; x_wconf 82' lang='lat' dir='ltr'><strong>adeatur.</strong></span> 
     </span>
    </p>

    <p class='ocr_par' dir='ltr' id='par_1_6' title="bbox 669 1153 2408 1225">
     <span class='ocr_line' id='line_1_8' title="bbox 669 1153 2408 1225; baseline -0.002 -14"><span class='ocrx_word' id='word_1_54' title='bbox 669 1158 820 1211; x_wconf 85' lang='lat' dir='ltr'><strong>Finis</strong></span> <span class='ocrx_word' id='word_1_55' title='bbox 858 1163 958 1225; x_wconf 87' lang='lat' dir='ltr'><strong>est,</strong></span> <span class='ocrx_word' id='word_1_56' title='bbox 995 1161 1056 1208; x_wconf 92' lang='lat' dir='ltr'><strong>ut</strong></span> <span class='ocrx_word' id='word_1_57' title='bbox 1095 1155 1350 1208; x_wconf 87' lang='lat' dir='ltr'><strong>mandato</strong></span> <span class='ocrx_word' id='word_1_58' title='bbox 1382 1153 1584 1222; x_wconf 82' lang='lat' dir='ltr'><strong>judicis</strong></span> <span class='ocrx_word' id='word_1_59' title='bbox 1623 1167 1747 1206; x_wconf 85' lang='lat' dir='ltr'><strong>reus</strong></span> <span class='ocrx_word' id='word_1_60' title='bbox 1786 1153 1841 1205; x_wconf 89' lang='lat' dir='ltr'><strong>in</strong></span> <span class='ocrx_word' id='word_1_61' title='bbox 1869 1153 2133 1219; x_wconf 87' lang='lat' dir='ltr'><strong>judicium</strong></span> <span class='ocrx_word' id='word_1_62' title='bbox 2172 1159 2408 1207; x_wconf 86' lang='lat' dir='ltr'><strong>vocetur.</strong></span> 
     </span>
    </p>
   </div>
   <div class='ocr_carea' id='block_1_4' title="bbox 1405 1354 1929 1430">
    <p class='ocr_par' dir='ltr' id='par_1_7' title="bbox 1405 1354 1929 1430">
     <span class='ocr_line' id='line_1_9' title="bbox 1405 1354 1929 1430; baseline -0.004 0"><span class='ocrx_word' id='word_1_63' title='bbox 1405 1357 1528 1430; x_wconf 80' lang='lat' dir='ltr'><strong>De</strong></span> <span class='ocrx_word' id='word_1_64' title='bbox 1579 1354 1929 1428; x_wconf 78' lang='lat' dir='ltr'><strong>citatione.</strong></span> 
     </span>
    </p>
   </div>
   <div class='ocr_carea' id='block_1_5' title="bbox 1338 1515 2000 1582">
    <p class='ocr_par' dir='ltr' id='par_1_8' title="bbox 1338 1515 2000 1582">
     <span class='ocr_line' id='line_1_10' title="bbox 1338 1515 2000 1582; baseline -0.002 0"><span class='ocrx_word' id='word_1_65' title='bbox 1338 1517 1796 1582; x_wconf 86' lang='lat' dir='ltr'><strong>Titulus</strong></span> <span class='ocrx_word' id='word_1_66' title='bbox 1880 1515 2000 1581; x_wconf 94' lang='lat' dir='ltr'><strong>III.</strong></span> 
     </span>
    </p>
   </div>
   <div class='ocr_carea' id='block_1_6' title="bbox 471 1648 2869 2439">
    <p class='ocr_par' dir='ltr' id='par_1_9' title="bbox 471 1648 2863 1913">
     <span class='ocr_line' id='line_1_11' title="bbox 671 1648 2855 1732; baseline -0.001 -13"><span class='ocrx_word' id='word_1_67' title='bbox 671 1652 924 1730; x_wconf 82' lang='lat' dir='ltr'><strong>citatio,</strong></span> <span class='ocrx_word' id='word_1_68' title='bbox 954 1669 1118 1731; x_wconf 87' lang='lat' dir='ltr'><strong>quae</strong></span> <span class='ocrx_word' id='word_1_69' title='bbox 1147 1651 1383 1715; x_wconf 89' lang='lat' dir='ltr'><strong>dicitur</strong></span> <span class='ocrx_word' id='word_1_70' title='bbox 1413 1648 1731 1730; x_wconf 83' lang='lat' dir='ltr'><strong>quoddam</strong></span> <span class='ocrx_word' id='word_1_71' title='bbox 1758 1649 2177 1714; x_wconf 81' lang='lat' dir='ltr'><strong>substantiale</strong></span> <span class='ocrx_word' id='word_1_72' title='bbox 2204 1656 2270 1714; x_wconf 93' lang='lat' dir='ltr'><strong>et</strong></span> <span class='ocrx_word' id='word_1_73' title='bbox 2292 1653 2855 1732; x_wconf 81' lang='lat' dir='ltr'><strong>praeparatorium</strong></span> 
     </span>
     <span class='ocr_line' id='line_1_12' title="bbox 471 1736 2860 1823; baseline -0.001 -16"><span class='ocrx_word' id='word_1_74' title='bbox 471 1742 718 1823; x_wconf 87' lang='lat' dir='ltr'><strong>judicii,</strong></span> <span class='ocrx_word' id='word_1_75' title='bbox 765 1740 919 1806; x_wconf 89' lang='lat' dir='ltr'><strong>nihil</strong></span> <span class='ocrx_word' id='word_1_76' title='bbox 969 1738 1137 1804; x_wconf 88' lang='lat' dir='ltr'><strong>aliud</strong></span> <span class='ocrx_word' id='word_1_77' title='bbox 1182 1744 1300 1818; x_wconf 88' lang='lat' dir='ltr'><strong>est,</strong></span> <span class='ocrx_word' id='word_1_78' title='bbox 1351 1757 1537 1817; x_wconf 88' lang='lat' dir='ltr'><strong>quam</strong></span> <span class='ocrx_word' id='word_1_79' title='bbox 1576 1738 1672 1802; x_wconf 90' lang='lat' dir='ltr'><strong>rei</strong></span> <span class='ocrx_word' id='word_1_80' title='bbox 1706 1737 1787 1800; x_wconf 89' lang='lat' dir='ltr'><strong>ad</strong></span> <span class='ocrx_word' id='word_1_81' title='bbox 1821 1736 2103 1817; x_wconf 75' lang='lat' dir='ltr'><strong>judicem</strong></span> <span class='ocrx_word' id='word_1_82' title='bbox 2140 1739 2401 1805; x_wconf 81' lang='lat' dir='ltr'><strong>vocatio,</strong></span> <span class='ocrx_word' id='word_1_83' title='bbox 2452 1739 2540 1803; x_wconf 81' lang='lat' dir='ltr'><strong>Et</strong></span> <span class='ocrx_word' id='word_1_84' title='bbox 2572 1741 2707 1806; x_wconf 89' lang='lat' dir='ltr'><strong>sine</strong></span> <span class='ocrx_word' id='word_1_85' title='bbox 2740 1740 2860 1804; x_wconf 88' lang='lat' dir='ltr'><strong>hac</strong></span> 
     </span>
     <span class='ocr_line' id='line_1_13' title="bbox 480 1815 2863 1913; baseline -0.002 -16"><span class='ocrx_word' id='word_1_86' title='bbox 480 1826 821 1912; x_wconf 73' lang='lat' dir='ltr'><strong>processus</strong></span> <span class='ocrx_word' id='word_1_87' title='bbox 863 1827 1088 1908; x_wconf 90' lang='lat' dir='ltr'><strong>judicii</strong></span> <span class='ocrx_word' id='word_1_88' title='bbox 1132 1828 1270 1908; x_wconf 89' lang='lat' dir='ltr'><strong>ipso</strong></span> <span class='ocrx_word' id='word_1_89' title='bbox 1295 1826 1443 1906; x_wconf 87' lang='lat' dir='ltr'><strong>jure</strong></span> <span class='ocrx_word' id='word_1_90' title='bbox 1493 1833 1594 1890; x_wconf 91' lang='lat' dir='ltr'><strong>est</strong></span> <span class='ocrx_word' id='word_1_91' title='bbox 1645 1825 1876 1892; x_wconf 74' lang='lat' dir='ltr'><strong>nullus,</strong></span> <span class='ocrx_word' id='word_1_92' title='bbox 1923 1815 2137 1906; x_wconf 78' lang='lat' dir='ltr'><strong>(Vide</strong></span> <span class='ocrx_word' id='word_1_93' title='bbox 2176 1828 2303 1892; x_wconf 64' lang='lat' dir='ltr'><strong>‚Ius</strong></span> <span class='ocrx_word' id='word_1_94' title='bbox 2354 1828 2554 1913; x_wconf 71' lang='lat' dir='ltr'><strong>Praq.</strong></span> <span class='ocrx_word' id='word_1_95' title='bbox 2586 1832 2663 1893; x_wconf 80' lang='grc' dir='ltr'><strong>Α.</strong></span> <span class='ocrx_word' id='word_1_96' title='bbox 2718 1821 2863 1908; x_wconf 80' lang='lat'><em>45.)</em></span> 
     </span>
    </p>

    <p class='ocr_par' dir='ltr' id='par_1_10' title="bbox 485 1912 2861 2085">
     <span class='ocr_line' id='line_1_14' title="bbox 676 1912 2861 1998; baseline -0.001 -15"><span class='ocrx_word' id='word_1_97' title='bbox 676 1917 910 1983; x_wconf 90' lang='lat' dir='ltr'><strong>Modus</strong></span> <span class='ocrx_word' id='word_1_98' title='bbox 943 1923 1158 1980; x_wconf 84' lang='lat' dir='ltr'><strong>autem</strong></span> <span class='ocrx_word' id='word_1_99' title='bbox 1192 1914 1431 1998; x_wconf 88' lang='lat' dir='ltr'><strong>citandi</strong></span> <span class='ocrx_word' id='word_1_100' title='bbox 1478 1915 1542 1977; x_wconf 89' lang='lat' dir='ltr'><strong>in</strong></span> <span class='ocrx_word' id='word_1_101' title='bbox 1587 1914 1724 1980; x_wconf 83' lang='lat' dir='ltr'><strong>foro</strong></span> <span class='ocrx_word' id='word_1_102' title='bbox 1774 1912 2104 1994; x_wconf 83' lang='lat' dir='ltr'><strong>Pragensi‚</strong></span> <span class='ocrx_word' id='word_1_103' title='bbox 2154 1916 2612 1980; x_wconf 87' lang='lat' dir='ltr'><strong>consuetudine</strong></span> <span class='ocrx_word' id='word_1_104' title='bbox 2659 1916 2861 1981; x_wconf 88' lang='lat' dir='ltr'><strong>intro-</strong></span> 
     </span>
     <span class='ocr_line' id='line_1_15' title="bbox 485 2005 1114 2085; baseline -0.006 -14"><span class='ocrx_word' id='word_1_105' title='bbox 485 2008 732 2085; x_wconf 77' lang='lat' dir='ltr'><strong>ductuS,</strong></span> <span class='ocrx_word' id='word_1_106' title='bbox 782 2005 929 2069; x_wconf 90' lang='lat' dir='ltr'><strong>talis</strong></span> <span class='ocrx_word' id='word_1_107' title='bbox 975 2009 1114 2068; x_wconf 89' lang='lat' dir='ltr'><strong>est:</strong></span> 
     </span>
    </p>

    <p class='ocr_par' dir='ltr' id='par_1_11' title="bbox 483 2089 2869 2439">
     <span class='ocr_line' id='line_1_16' title="bbox 677 2089 2863 2175; baseline 0 -18"><span class='ocrx_word' id='word_1_108' title='bbox 677 2094 830 2175; x_wconf 88' lang='lat' dir='ltr'><strong>Ipsa</strong></span> <span class='ocrx_word' id='word_1_109' title='bbox 877 2093 1096 2156; x_wconf 90' lang='lat' dir='ltr'><strong>citatio</strong></span> <span class='ocrx_word' id='word_1_110' title='bbox 1143 2090 1312 2172; x_wconf 87' lang='lat' dir='ltr'><strong>apud</strong></span> <span class='ocrx_word' id='word_1_111' title='bbox 1345 2090 1670 2155; x_wconf 87' lang='lat' dir='ltr'><strong>consulem</strong></span> <span class='ocrx_word' id='word_1_112' title='bbox 1705 2090 1785 2154; x_wconf 90' lang='lat' dir='ltr'><strong>ad</strong></span> <span class='ocrx_word' id='word_1_113' title='bbox 1817 2089 2192 2170; x_wconf 86' lang='lat' dir='ltr'><strong>petitionem</strong></span> <span class='ocrx_word' id='word_1_114' title='bbox 2242 2093 2502 2156; x_wconf 81' lang='lat' dir='ltr'><strong>citantis</strong></span> <span class='ocrx_word' id='word_1_115' title='bbox 2535 2092 2596 2157; x_wconf 90' lang='lat' dir='ltr'><strong>in</strong></span> <span class='ocrx_word' id='word_1_116' title='bbox 2631 2093 2863 2158; x_wconf 89' lang='lat' dir='ltr'><strong>librum</strong></span> 
     </span>
     <span class='ocr_line' id='line_1_17' title="bbox 483 2178 2863 2263; baseline 0 -18"><span class='ocrx_word' id='word_1_117' title='bbox 483 2182 825 2263; x_wconf 88' lang='lat' dir='ltr'><strong>publicum,</strong></span> <span class='ocrx_word' id='word_1_118' title='bbox 877 2198 1064 2260; x_wconf 90' lang='lat' dir='ltr'><strong>quem</strong></span> <span class='ocrx_word' id='word_1_119' title='bbox 1112 2198 1228 2244; x_wconf 90' lang='lat' dir='ltr'><strong>nos</strong></span> <span class='ocrx_word' id='word_1_120' title='bbox 1269 2178 1570 2244; x_wconf 86' lang='lat' dir='ltr'><strong>Manuale</strong></span> <span class='ocrx_word' id='word_1_121' title='bbox 1625 2178 2056 2259; x_wconf 82' lang='lat' dir='ltr'><strong>appellamus,</strong></span> <span class='ocrx_word' id='word_1_122' title='bbox 2107 2179 2515 2245; x_wconf 82' lang='lat' dir='ltr'><strong>inscribetur.</strong></span> <span class='ocrx_word' id='word_1_123' title='bbox 2586 2180 2685 2244; x_wconf 84' lang='lat' dir='ltr'><strong>Ex</strong></span> <span class='ocrx_word' id='word_1_124' title='bbox 2742 2200 2863 2261; x_wconf 89' lang='lat' dir='ltr'><strong>quo</strong></span> 
     </span>
     <span class='ocr_line' id='line_1_18' title="bbox 484 2267 2869 2351; baseline -0.001 -16"><span class='ocrx_word' id='word_1_125' title='bbox 484 2276 712 2351; x_wconf 90' lang='lat' dir='ltr'><strong>postea</strong></span> <span class='ocrx_word' id='word_1_126' title='bbox 767 2268 840 2334; x_wconf 79' lang='lat' dir='ltr'><strong>fit</strong></span> <span class='ocrx_word' id='word_1_127' title='bbox 905 2272 1408 2349; x_wconf 86' lang='lat' dir='ltr'><strong>transsumptum</strong></span> <span class='ocrx_word' id='word_1_128' title='bbox 1471 2286 1612 2331; x_wconf 89' lang='lat' dir='ltr'><strong>cum</strong></span> <span class='ocrx_word' id='word_1_129' title='bbox 1673 2268 1965 2330; x_wconf 89' lang='lat' dir='ltr'><strong>omnibus</strong></span> <span class='ocrx_word' id='word_1_130' title='bbox 2012 2267 2507 2332; x_wconf 84' lang='lat' dir='ltr'><strong>circumstantiis</strong></span> <span class='ocrx_word' id='word_1_131' title='bbox 2568 2277 2634 2333; x_wconf 89' lang='lat' dir='ltr'><strong>et</strong></span> <span class='ocrx_word' id='word_1_132' title='bbox 2680 2269 2869 2334; x_wconf 90' lang='lat' dir='ltr'><strong>datur</strong></span> 
     </span>
     <span class='ocr_line' id='line_1_19' title="bbox 488 2354 2869 2439; baseline 0.001 -19"><span class='ocrx_word' id='word_1_133' title='bbox 488 2361 776 2423; x_wconf 83' lang='lat' dir='ltr'><strong>ministro</strong></span> <span class='ocrx_word' id='word_1_134' title='bbox 827 2356 1104 2439; x_wconf 90' lang='lat' dir='ltr'><strong>publico,</strong></span> <span class='ocrx_word' id='word_1_135' title='bbox 1153 2375 1339 2435; x_wconf 89' lang='lat' dir='ltr'><strong>quem</strong></span> <span class='ocrx_word' id='word_1_136' title='bbox 1389 2354 1575 2435; x_wconf 86' lang='lat' dir='ltr'><strong>vulgo</strong></span> <span class='ocrx_word' id='word_1_137' title='bbox 1617 2354 1860 2418; x_wconf 82' lang='lat' dir='ltr'><strong>consuli</strong></span> <span class='ocrx_word' id='word_1_138' title='bbox 1928 2373 2377 2420; x_wconf 87' lang='lat' dir='ltr'><strong>amanuensem</strong></span> <span class='ocrx_word' id='word_1_139' title='bbox 2440 2356 2539 2420; x_wconf 73' lang='lat' dir='ltr'><strong>vel</strong></span> <span class='ocrx_word' id='word_1_140' title='bbox 2603 2357 2869 2422; x_wconf 86' lang='lat' dir='ltr'><strong>fratrem</strong></span> 
     </span>
    </p>
   </div>
   <div class='ocr_carea' id='block_1_7' title="bbox 379 2443 2872 2528">
    <p class='ocr_par' dir='ltr' id='par_1_12' title="bbox 379 2443 2872 2528">
     <span class='ocr_line' id='line_1_20' title="bbox 379 2443 2872 2528; baseline 0 -20"><span class='ocrx_word' id='word_1_141' title='bbox 379 2483 385 2494; x_wconf 90' lang='lat'>·</span> <span class='ocrx_word' id='word_1_142' title='bbox 480 2446 782 2528; x_wconf 85' lang='lat' dir='ltr'><strong>juratum.</strong></span> <span class='ocrx_word' id='word_1_143' title='bbox 813 2445 1116 2524; x_wconf 81' lang='lat' dir='ltr'><strong>dicimus3</strong></span> <span class='ocrx_word' id='word_1_144' title='bbox 1168 2444 1223 2507; x_wconf 92' lang='lat' dir='ltr'><strong>is</strong></span> <span class='ocrx_word' id='word_1_145' title='bbox 1255 2445 1512 2508; x_wconf 84' lang='lat' dir='ltr'><strong>citando</strong></span> <span class='ocrx_word' id='word_1_146' title='bbox 1543 2444 1719 2507; x_wconf 88' lang='lat' dir='ltr'><strong>domi</strong></span> <span class='ocrx_word' id='word_1_147' title='bbox 1748 2463 1926 2523; x_wconf 86' lang='lat' dir='ltr'><strong>suae,</strong></span> <span class='ocrx_word' id='word_1_148' title='bbox 1952 2443 2135 2521; x_wconf 90' lang='lat' dir='ltr'><strong>jussu</strong></span> <span class='ocrx_word' id='word_1_149' title='bbox 2169 2445 2465 2524; x_wconf 85' lang='lat' dir='ltr'><strong>consulis,</strong></span> <span class='ocrx_word' id='word_1_150' title='bbox 2516 2445 2872 2525; x_wconf 84' lang='lat' dir='ltr'><strong>denuntiat,</strong></span> 
     </span>
    </p>
   </div>
   <div class='ocr_carea' id='block_1_8' title="bbox 470 2532 2943 4200">
    <p class='ocr_par' dir='ltr' id='par_1_13' title="bbox 490 2532 2875 2700">
     <span class='ocr_line' id='line_1_21' title="bbox 490 2532 2875 2615; baseline -0.001 -16"><span class='ocrx_word' id='word_1_151' title='bbox 490 2554 528 2599; x_wconf 88' lang='lat' dir='ltr'><strong>a</strong></span> <span class='ocrx_word' id='word_1_152' title='bbox 586 2554 708 2615; x_wconf 89' lang='lat' dir='ltr'><strong>quo</strong></span> <span class='ocrx_word' id='word_1_153' title='bbox 771 2542 840 2599; x_wconf 90' lang='lat' dir='ltr'><strong>et</strong></span> <span class='ocrx_word' id='word_1_154' title='bbox 899 2533 982 2598; x_wconf 87' lang='lat' dir='ltr'><strong>ad</strong></span> <span class='ocrx_word' id='word_1_155' title='bbox 1041 2551 1226 2613; x_wconf 88' lang='lat' dir='ltr'><strong>quem</strong></span> <span class='ocrx_word' id='word_1_156' title='bbox 1278 2533 1558 2614; x_wconf 85' lang='lat' dir='ltr'><strong>judicem</strong></span> <span class='ocrx_word' id='word_1_157' title='bbox 1623 2534 1709 2597; x_wconf 89' lang='lat' dir='ltr'><strong>sit</strong></span> <span class='ocrx_word' id='word_1_158' title='bbox 1757 2532 2019 2606; x_wconf 87' lang='lat' dir='ltr'><strong>citatus,</strong></span> <span class='ocrx_word' id='word_1_159' title='bbox 2087 2533 2469 2613; x_wconf 86' lang='lat' dir='ltr'><strong>quandoque</strong></span> <span class='ocrx_word' id='word_1_160' title='bbox 2528 2534 2875 2613; x_wconf 87' lang='lat' dir='ltr'><strong>injudicio</strong></span> 
     </span>
     <span class='ocr_line' id='line_1_22' title="bbox 493 2613 2081 2700; baseline -0.001 -13"><span class='ocrx_word' id='word_1_161' title='bbox 493 2642 634 2688; x_wconf 90' lang='lat' dir='ltr'><strong>sese</strong></span> <span class='ocrx_word' id='word_1_162' title='bbox 680 2623 910 2688; x_wconf 85' lang='lat' dir='ltr'><strong>sistere</strong></span> <span class='ocrx_word' id='word_1_163' title='bbox 959 2622 1212 2686; x_wconf 90' lang='lat' dir='ltr'><strong>debeat.</strong></span> <span class='ocrx_word' id='word_1_164' title='bbox 1265 2614 1378 2700; x_wconf 89' lang='lat' dir='ltr'><strong>(B.</strong></span> <span class='ocrx_word' id='word_1_165' title='bbox 1431 2623 1490 2686; x_wconf 81' lang='lat'><strong>6.</strong></span> <span class='ocrx_word' id='word_1_166' title='bbox 1543 2620 1717 2685; x_wconf 72' lang='lat' dir='ltr'><strong>Dist.</strong></span> <span class='ocrx_word' id='word_1_167' title='bbox 1772 2622 1826 2685; x_wconf 84' lang='lat'><strong>1.</strong></span> <span class='ocrx_word' id='word_1_168' title='bbox 1870 2618 1935 2680; x_wconf 73' lang='grc' dir='ltr'><em>ὠ</em></span> <span class='ocrx_word' id='word_1_169' title='bbox 1976 2613 2081 2696; x_wconf 85' lang='grc'><strong>2.)</strong></span> 
     </span>
    </p>

    <p class='ocr_par' dir='ltr' id='par_1_14' title="bbox 689 2708 2877 2789">
     <span class='ocr_line' id='line_1_23' title="bbox 689 2708 2877 2789; baseline -0.001 -14"><span class='ocrx_word' id='word_1_170' title='bbox 689 2712 1019 2789; x_wconf 79' lang='lat' dir='ltr'><strong>CitanduS,</strong></span> <span class='ocrx_word' id='word_1_171' title='bbox 1078 2710 1132 2773; x_wconf 90' lang='lat' dir='ltr'><strong>si</strong></span> <span class='ocrx_word' id='word_1_172' title='bbox 1179 2708 1348 2774; x_wconf 89' lang='lat' dir='ltr'><strong>domi</strong></span> <span class='ocrx_word' id='word_1_173' title='bbox 1404 2708 1599 2773; x_wconf 84' lang='lat' dir='ltr'><strong>fuerit</strong></span> <span class='ocrx_word' id='word_1_174' title='bbox 1643 2714 1966 2789; x_wconf 75' lang='lat' dir='ltr'><strong>repertuS‚</strong></span> <span class='ocrx_word' id='word_1_175' title='bbox 2026 2710 2161 2775; x_wconf 82' lang='lat' dir='ltr'><strong>sine</strong></span> <span class='ocrx_word' id='word_1_176' title='bbox 2224 2729 2407 2775; x_wconf 90' lang='lat' dir='ltr'><strong>mora</strong></span> <span class='ocrx_word' id='word_1_177' title='bbox 2452 2710 2556 2775; x_wconf 89' lang='lat' dir='ltr'><strong>die</strong></span> <span class='ocrx_word' id='word_1_178' title='bbox 2604 2716 2671 2775; x_wconf 91' lang='lat' dir='ltr'><strong>et</strong></span> <span class='ocrx_word' id='word_1_179' title='bbox 2715 2711 2877 2775; x_wconf 89' lang='lat' dir='ltr'><strong>hora</strong></span> 
     </span>
    </p>

    <p class='ocr_par' dir='ltr' id='par_1_15' title="bbox 494 2796 2875 2967">
     <span class='ocr_line' id='line_1_24' title="bbox 494 2796 2875 2967; baseline -0.001 -103"><span class='ocrx_word' id='word_1_180' title='bbox 494 2800 782 2967; x_wconf 35' lang='lat' dir='ltr'><strong>ffitationi</strong></span> <span class='ocrx_word' id='word_1_181' title='bbox 814 2796 1102 2880; x_wconf 86' lang='lat' dir='ltr'><strong>praefixa</strong></span> <span class='ocrx_word' id='word_1_182' title='bbox 1107 2815 1508 2967; x_wconf 44' lang='lat' dir='ltr'><strong>jomparere</strong></span> <span class='ocrx_word' id='word_1_183' title='bbox 1533 2803 1600 2861; x_wconf 92' lang='lat' dir='ltr'><strong>et</strong></span> <span class='ocrx_word' id='word_1_184' title='bbox 1631 2798 1945 2861; x_wconf 86' lang='lat' dir='ltr'><strong>actionem</strong></span> <span class='ocrx_word' id='word_1_185' title='bbox 1978 2804 2203 2862; x_wconf 90' lang='lat' dir='ltr'><strong>contra</strong></span> <span class='ocrx_word' id='word_1_186' title='bbox 2233 2817 2302 2862; x_wconf 86' lang='lat' dir='ltr'><strong>se</strong></span> <span class='ocrx_word' id='word_1_187' title='bbox 2336 2798 2561 2863; x_wconf 86' lang='lat' dir='ltr'><strong>audire</strong></span> <span class='ocrx_word' id='word_1_188' title='bbox 2599 2804 2875 2863; x_wconf 90' lang='lat' dir='ltr'><strong>tenetur.</strong></span> 
     </span>
     <span class='ocr_line' id='line_1_25' title="bbox 532 2885 1105 2953; baseline -0.002 -2"><span class='ocrx_word' id='word_1_189' title='bbox 532 2893 607 2953; x_wconf 80' lang='lat' dir='ltr'><strong>A.</strong></span> <span class='ocrx_word' id='word_1_190' title='bbox 660 2888 767 2953; x_wconf 77' lang='lat'><strong>45.</strong></span> <span class='ocrx_word' id='word_1_191' title='bbox 821 2886 993 2951; x_wconf 75' lang='lat' dir='ltr'><strong>Dist.</strong></span> <span class='ocrx_word' id='word_1_192' title='bbox 1045 2885 1105 2951; x_wconf 85' lang='lat'><strong>2.</strong></span> 
     </span>
    </p>

    <p class='ocr_par' dir='ltr' id='par_1_16' title="bbox 470 2973 2880 3319">
     <span class='ocr_line' id='line_1_26' title="bbox 689 2973 2877 3054; baseline 0 -15"><span class='ocrx_word' id='word_1_193' title='bbox 689 2975 815 3039; x_wconf 86' lang='lat' dir='ltr'><strong>Sed</strong></span> <span class='ocrx_word' id='word_1_194' title='bbox 862 2976 914 3039; x_wconf 90' lang='lat' dir='ltr'><strong>si</strong></span> <span class='ocrx_word' id='word_1_195' title='bbox 963 2974 1044 3037; x_wconf 90' lang='lat' dir='ltr'><strong>ad</strong></span> <span class='ocrx_word' id='word_1_196' title='bbox 1090 2975 1360 3054; x_wconf 87' lang='lat' dir='ltr'><strong>primam</strong></span> <span class='ocrx_word' id='word_1_197' title='bbox 1399 2973 1770 3038; x_wconf 85' lang='lat' dir='ltr'><strong>citationem</strong></span> <span class='ocrx_word' id='word_1_198' title='bbox 1818 2992 1941 3038; x_wconf 90' lang='lat' dir='ltr'><strong>non</strong></span> <span class='ocrx_word' id='word_1_199' title='bbox 1976 2976 2429 3054; x_wconf 87' lang='lat' dir='ltr'><strong>comparuerit,</strong></span> <span class='ocrx_word' id='word_1_200' title='bbox 2479 2974 2559 3039; x_wconf 92' lang='lat' dir='ltr'><strong>de</strong></span> <span class='ocrx_word' id='word_1_201' title='bbox 2608 2992 2877 3039; x_wconf 89' lang='lat' dir='ltr'><strong>consue-</strong></span> 
     </span>
     <span class='ocr_line' id='line_1_27' title="bbox 470 3061 2880 3143; baseline -0.001 -15"><span class='ocrx_word' id='word_1_202' title='bbox 470 3064 715 3128; x_wconf 85' lang='lat' dir='ltr'><strong>·tudine</strong></span> <span class='ocrx_word' id='word_1_203' title='bbox 767 3064 1072 3127; x_wconf 87' lang='lat' dir='ltr'><strong>adversus</strong></span> <span class='ocrx_word' id='word_1_204' title='bbox 1121 3081 1265 3127; x_wconf 91' lang='lat' dir='ltr'><strong>eum</strong></span> <span class='ocrx_word' id='word_1_205' title='bbox 1313 3061 1522 3127; x_wconf 88' lang='lat' dir='ltr'><strong>altera</strong></span> <span class='ocrx_word' id='word_1_206' title='bbox 1568 3061 1789 3125; x_wconf 88' lang='lat' dir='ltr'><strong>citatio</strong></span> <span class='ocrx_word' id='word_1_207' title='bbox 1820 3061 2136 3142; x_wconf 88' lang='lat' dir='ltr'><strong>procedit,</strong></span> <span class='ocrx_word' id='word_1_208' title='bbox 2186 3064 2286 3126; x_wconf 90' lang='lat' dir='ltr'><strong>cui</strong></span> <span class='ocrx_word' id='word_1_209' title='bbox 2311 3062 2443 3142; x_wconf 71' lang='lat' dir='ltr'><strong>jnm</strong></span> <span class='ocrx_word' id='word_1_210' title='bbox 2478 3063 2600 3127; x_wconf 91' lang='lat' dir='ltr'><strong>nisi</strong></span> <span class='ocrx_word' id='word_1_211' title='bbox 2678 3068 2880 3143; x_wconf 84' lang='lat' dir='ltr'><strong>areat,</strong></span> 
     </span>
     <span class='ocr_line' id='line_1_28' title="bbox 496 3150 2875 3319; baseline -0 -102"><span class='ocrx_word' id='word_1_212' title='bbox 496 3170 700 3234; x_wconf 88' lang='lat' dir='ltr'><strong>cyppo</strong></span> <span class='ocrx_word' id='word_1_213' title='bbox 769 3150 1010 3319; x_wconf 76' lang='lat' dir='ltr'><strong>f)orensi</strong></span> <span class='ocrx_word' id='word_1_214' title='bbox 1080 3151 1161 3214; x_wconf 85' lang='lat' dir='ltr'><strong>ad</strong></span> <span class='ocrx_word' id='word_1_215' title='bbox 1232 3150 1731 3232; x_wconf 86' lang='lat' dir='ltr'><strong>comparendum</strong></span> <span class='ocrx_word' id='word_1_216' title='bbox 1804 3150 1864 3213; x_wconf 91' lang='lat' dir='ltr'><strong>in</strong></span> <span class='ocrx_word' id='word_1_217' title='bbox 1933 3150 2072 3214; x_wconf 86' lang='lat' dir='ltr'><strong>foro</strong></span> <span class='ocrx_word' id='word_1_218' title='bbox 2121 3151 2541 3231; x_wconf 86' lang='lat' dir='ltr'><strong>compellitur.</strong></span> <span class='ocrx_word' id='word_1_219' title='bbox 2643 3156 2719 3216; x_wconf 74' lang='lat' dir='ltr'><strong>A.</strong></span> <span class='ocrx_word' id='word_1_220' title='bbox 2773 3154 2875 3217; x_wconf 81' lang='lat'><strong>45.</strong></span> 
     </span>
     <span class='ocr_line' id='line_1_29' title="bbox 495 3240 784 3305; baseline 0.007 -2"><span class='ocrx_word' id='word_1_221' title='bbox 495 3240 671 3305; x_wconf 71' lang='lat' dir='ltr'><strong>Dist.</strong></span> <span class='ocrx_word' id='word_1_222' title='bbox 725 3242 784 3305; x_wconf 87' lang='lat'><strong>6.</strong></span> 
     </span>
    </p>

    <p class='ocr_par' dir='ltr' id='par_1_17' title="bbox 497 3324 2881 3585">
     <span class='ocr_line' id='line_1_30' title="bbox 689 3324 2881 3407; baseline 0.001 -16"><span class='ocrx_word' id='word_1_223' title='bbox 689 3326 831 3392; x_wconf 85' lang='lat' dir='ltr'><strong>Nisi</strong></span> <span class='ocrx_word' id='word_1_224' title='bbox 877 3326 1048 3391; x_wconf 83' lang='lat' dir='ltr'><strong>forse</strong></span> <span class='ocrx_word' id='word_1_225' title='bbox 1091 3326 1390 3407; x_wconf 83' lang='lat' dir='ltr'><strong>legitimis</strong></span> <span class='ocrx_word' id='word_1_226' title='bbox 1439 3326 1649 3391; x_wconf 86' lang='lat' dir='ltr'><strong>causis</strong></span> <span class='ocrx_word' id='word_1_227' title='bbox 1696 3324 2039 3405; x_wconf 87' lang='lat' dir='ltr'><strong>impeditus</strong></span> <span class='ocrx_word' id='word_1_228' title='bbox 2085 3325 2319 3405; x_wconf 80' lang='lat' dir='ltr'><strong>fuerit3</strong></span> <span class='ocrx_word' id='word_1_229' title='bbox 2384 3345 2657 3407; x_wconf 83' lang='lat' dir='ltr'><strong>namque</strong></span> <span class='ocrx_word' id='word_1_230' title='bbox 2727 3334 2881 3393; x_wconf 87' lang='lat' dir='ltr'><strong>tunc</strong></span> 
     </span>
     <span class='ocr_line' id='line_1_31' title="bbox 497 3413 2875 3496; baseline 0.001 -16"><span class='ocrx_word' id='word_1_231' title='bbox 497 3416 561 3480; x_wconf 92' lang='lat' dir='ltr'><strong>in</strong></span> <span class='ocrx_word' id='word_1_232' title='bbox 586 3416 830 3496; x_wconf 86' lang='lat' dir='ltr'><strong>judicio</strong></span> <span class='ocrx_word' id='word_1_233' title='bbox 865 3432 1248 3495; x_wconf 89' lang='lat' dir='ltr'><strong>quoqunque</strong></span> <span class='ocrx_word' id='word_1_234' title='bbox 1280 3415 1466 3479; x_wconf 90' lang='lat' dir='ltr'><strong>modo</strong></span> <span class='ocrx_word' id='word_1_235' title='bbox 1491 3413 1665 3495; x_wconf 89' lang='lat' dir='ltr'><strong>juste</strong></span> <span class='ocrx_word' id='word_1_236' title='bbox 1700 3432 1767 3479; x_wconf 89' lang='lat' dir='ltr'><strong>se</strong></span> <span class='ocrx_word' id='word_1_237' title='bbox 1801 3419 2082 3491; x_wconf 89' lang='lat' dir='ltr'><strong>excusat,</strong></span> <span class='ocrx_word' id='word_1_238' title='bbox 2118 3420 2183 3477; x_wconf 91' lang='lat' dir='ltr'><strong>et</strong></span> <span class='ocrx_word' id='word_1_239' title='bbox 2216 3413 2487 3480; x_wconf 89' lang='lat' dir='ltr'><strong>alterum</strong></span> <span class='ocrx_word' id='word_1_240' title='bbox 2531 3418 2875 3482; x_wconf 89' lang='lat' dir='ltr'><strong>terminum</strong></span> 
     </span>
     <span class='ocr_line' id='line_1_32' title="bbox 499 3492 2737 3585; baseline 0 -17"><span class='ocrx_word' id='word_1_241' title='bbox 499 3504 582 3568; x_wconf 88' lang='lat' dir='ltr'><strong>ad</strong></span> <span class='ocrx_word' id='word_1_242' title='bbox 615 3502 1110 3585; x_wconf 88' lang='lat' dir='ltr'><strong>comparendum</strong></span> <span class='ocrx_word' id='word_1_243' title='bbox 1158 3501 1280 3566; x_wconf 85' lang='lat' dir='ltr'><strong>sibi</strong></span> <span class='ocrx_word' id='word_1_244' title='bbox 1325 3502 1642 3583; x_wconf 87' lang='lat' dir='ltr'><strong>assignari</strong></span> <span class='ocrx_word' id='word_1_245' title='bbox 1688 3502 1861 3565; x_wconf 90' lang='lat' dir='ltr'><strong>licite</strong></span> <span class='ocrx_word' id='word_1_246' title='bbox 1905 3502 2084 3581; x_wconf 90' lang='lat' dir='ltr'><strong>petit.</strong></span> <span class='ocrx_word' id='word_1_247' title='bbox 2132 3492 2247 3582; x_wconf 91' lang='lat' dir='ltr'><strong>(B.</strong></span> <span class='ocrx_word' id='word_1_248' title='bbox 2300 3506 2359 3567; x_wconf 81' lang='lat'><strong>6.</strong></span> <span class='ocrx_word' id='word_1_249' title='bbox 2413 3503 2587 3568; x_wconf 71' lang='lat' dir='ltr'><strong>Dist.</strong></span> <span class='ocrx_word' id='word_1_250' title='bbox 2634 3494 2737 3584; x_wconf 85' lang='lat'><strong>2.)</strong></span> 
     </span>
    </p>

    <p class='ocr_par' dir='ltr' id='par_1_18' title="bbox 498 3590 2875 3936">
     <span class='ocr_line' id='line_1_33' title="bbox 697 3590 2875 3675; baseline 0 -20"><span class='ocrx_word' id='word_1_251' title='bbox 697 3592 930 3655; x_wconf 87' lang='lat' dir='ltr'><strong>Verum</strong></span> <span class='ocrx_word' id='word_1_252' title='bbox 978 3590 1316 3669; x_wconf 79' lang='lat' dir='ltr'><strong>citandus,</strong></span> <span class='ocrx_word' id='word_1_253' title='bbox 1377 3591 1430 3653; x_wconf 90' lang='lat' dir='ltr'><strong>si</strong></span> <span class='ocrx_word' id='word_1_254' title='bbox 1475 3590 1644 3654; x_wconf 90' lang='lat' dir='ltr'><strong>domi</strong></span> <span class='ocrx_word' id='word_1_255' title='bbox 1710 3590 2005 3654; x_wconf 83' lang='lat' dir='ltr'><strong>inventus</strong></span> <span class='ocrx_word' id='word_1_256' title='bbox 2049 3609 2173 3655; x_wconf 88' lang='lat' dir='ltr'><strong>nou</strong></span> <span class='ocrx_word' id='word_1_257' title='bbox 2220 3590 2416 3655; x_wconf 88' lang='lat' dir='ltr'><strong>fuerit</strong></span> <span class='ocrx_word' id='word_1_258' title='bbox 2482 3596 2549 3655; x_wconf 91' lang='lat' dir='ltr'><strong>et</strong></span> <span class='ocrx_word' id='word_1_259' title='bbox 2596 3610 2743 3675; x_wconf 92' lang='lat' dir='ltr'><strong>spes</strong></span> <span class='ocrx_word' id='word_1_260' title='bbox 2790 3595 2875 3656; x_wconf 92' lang='lat' dir='ltr'><strong>sit</strong></span> 
     </span>
     <span class='ocr_line' id='line_1_34' title="bbox 498 3676 2875 3757; baseline 0 -14"><span class='ocrx_word' id='word_1_261' title='bbox 498 3698 642 3743; x_wconf 83' lang='lat' dir='ltr'><strong>eum</strong></span> <span class='ocrx_word' id='word_1_262' title='bbox 689 3680 799 3743; x_wconf 83' lang='lat' dir='ltr'><strong>illo</strong></span> <span class='ocrx_word' id='word_1_263' title='bbox 848 3680 950 3742; x_wconf 89' lang='lat' dir='ltr'><strong>die</strong></span> <span class='ocrx_word' id='word_1_264' title='bbox 998 3678 1168 3742; x_wconf 89' lang='lat' dir='ltr'><strong>domi</strong></span> <span class='ocrx_word' id='word_1_265' title='bbox 1205 3676 1529 3743; x_wconf 83' lang='lat' dir='ltr'><strong>futurum:</strong></span> <span class='ocrx_word' id='word_1_266' title='bbox 1582 3684 1731 3741; x_wconf 88' lang='lat' dir='ltr'><strong>tunc</strong></span> <span class='ocrx_word' id='word_1_267' title='bbox 1765 3677 1981 3742; x_wconf 88' lang='lat' dir='ltr'><strong>citatio</strong></span> <span class='ocrx_word' id='word_1_268' title='bbox 2018 3696 2135 3757; x_wconf 91' lang='lat' dir='ltr'><strong>per</strong></span> <span class='ocrx_word' id='word_1_269' title='bbox 2166 3696 2617 3744; x_wconf 87' lang='lat' dir='ltr'><strong>amanuensem</strong></span> <span class='ocrx_word' id='word_1_270' title='bbox 2661 3682 2875 3745; x_wconf 91' lang='lat' dir='ltr'><strong>domui</strong></span> 
     </span>
     <span class='ocr_line' id='line_1_35' title="bbox 499 3765 2873 3847; baseline 0.002 -17"><span class='ocrx_word' id='word_1_271' title='bbox 499 3768 699 3847; x_wconf 87' lang='lat' dir='ltr'><strong>ipsius</strong></span> <span class='ocrx_word' id='word_1_272' title='bbox 747 3766 920 3843; x_wconf 82' lang='lat' dir='ltr'><strong>affigi</strong></span> <span class='ocrx_word' id='word_1_273' title='bbox 965 3765 1065 3831; x_wconf 91' lang='lat' dir='ltr'><strong>vel</strong></span> <span class='ocrx_word' id='word_1_274' title='bbox 1115 3766 1376 3832; x_wconf 81' lang='lat' dir='ltr'><strong>inscribi</strong></span> <span class='ocrx_word' id='word_1_275' title='bbox 1423 3774 1489 3832; x_wconf 91' lang='lat' dir='ltr'><strong>et</strong></span> <span class='ocrx_word' id='word_1_276' title='bbox 1534 3768 1613 3830; x_wconf 88' lang='lat' dir='ltr'><strong>de</strong></span> <span class='ocrx_word' id='word_1_277' title='bbox 1660 3784 1741 3829; x_wconf 89' lang='lat' dir='ltr'><strong>ea</strong></span> <span class='ocrx_word' id='word_1_278' title='bbox 1783 3784 1941 3829; x_wconf 83' lang='lat' dir='ltr'><strong>uxor</strong></span> <span class='ocrx_word' id='word_1_279' title='bbox 1991 3766 2090 3830; x_wconf 89' lang='lat' dir='ltr'><strong>vel</strong></span> <span class='ocrx_word' id='word_1_280' title='bbox 2144 3767 2381 3831; x_wconf 81' lang='lat' dir='ltr'><strong>familia</strong></span> <span class='ocrx_word' id='word_1_281' title='bbox 2427 3767 2593 3832; x_wconf 86' lang='lat' dir='ltr'><strong>illius</strong></span> <span class='ocrx_word' id='word_1_282' title='bbox 2640 3772 2873 3834; x_wconf 89' lang='lat' dir='ltr'><strong>certio-</strong></span> 
     </span>
     <span class='ocr_line' id='line_1_36' title="bbox 505 3849 2353 3936; baseline 0.001 -18"><span class='ocrx_word' id='word_1_283' title='bbox 505 3856 639 3919; x_wconf 90' lang='lat' dir='ltr'><strong>rari</strong></span> <span class='ocrx_word' id='word_1_284' title='bbox 688 3860 919 3936; x_wconf 87' lang='lat' dir='ltr'><strong>potest.</strong></span> <span class='ocrx_word' id='word_1_285' title='bbox 970 3852 1084 3925; x_wconf 91' lang='lat' dir='ltr'><strong>(B.</strong></span> <span class='ocrx_word' id='word_1_286' title='bbox 1137 3858 1195 3936; x_wconf 73' lang='grc' dir='ltr'><strong>ῤ’.</strong></span> <span class='ocrx_word' id='word_1_287' title='bbox 1249 3855 1420 3921; x_wconf 67' lang='lat' dir='ltr'><strong>Diei.</strong></span> <span class='ocrx_word' id='word_1_288' title='bbox 1475 3857 1530 3921; x_wconf 85' lang='lat'><strong>1.</strong></span> <span class='ocrx_word' id='word_1_289' title='bbox 1590 3885 1663 3893; x_wconf 77' lang='grc'><strong>-·</strong></span> <span class='ocrx_word' id='word_1_290' title='bbox 1714 3854 1841 3919; x_wconf 74' lang='grc' dir='ltr'><strong>,Ιαε</strong></span> <span class='ocrx_word' id='word_1_291' title='bbox 1887 3854 2079 3919; x_wconf 77' lang='lat' dir='ltr'><strong>Prov.</strong></span> <span class='ocrx_word' id='word_1_292' title='bbox 2137 3855 2196 3920; x_wconf 81' lang='lat'><strong>0.</strong></span> <span class='ocrx_word' id='word_1_293' title='bbox 2247 3849 2353 3936; x_wconf 84' lang='lat'><strong>3.)</strong></span> 
     </span>
    </p>

    <p class='ocr_par' dir='ltr' id='par_1_19' title="bbox 500 3942 2943 4200">
     <span class='ocr_line' id='line_1_37' title="bbox 696 3942 2877 4025; baseline -0 -17"><span class='ocrx_word' id='word_1_294' title='bbox 696 3943 873 4008; x_wconf 91' lang='lat' dir='ltr'><strong>Idem</strong></span> <span class='ocrx_word' id='word_1_295' title='bbox 921 3944 1111 4009; x_wconf 87' lang='lat' dir='ltr'><strong>etiam</strong></span> <span class='ocrx_word' id='word_1_296' title='bbox 1157 3949 1456 4008; x_wconf 88' lang='lat' dir='ltr'><strong>servatur</strong></span> <span class='ocrx_word' id='word_1_297' title='bbox 1501 3945 1564 4007; x_wconf 90' lang='lat' dir='ltr'><strong>in</strong></span> <span class='ocrx_word' id='word_1_298' title='bbox 1625 3944 1927 4007; x_wconf 86' lang='lat' dir='ltr'><strong>citatione</strong></span> <span class='ocrx_word' id='word_1_299' title='bbox 1976 3942 2266 4023; x_wconf 87' lang='lat' dir='ltr'><strong>testium,</strong></span> <span class='ocrx_word' id='word_1_300' title='bbox 2316 3963 2431 4024; x_wconf 90' lang='lat' dir='ltr'><strong>pro</strong></span> <span class='ocrx_word' id='word_1_301' title='bbox 2482 3944 2877 4025; x_wconf 86' lang='lat' dir='ltr'><strong>deponendis</strong></span> 
     </span>
     <span class='ocr_line' id='line_1_38' title="bbox 500 4024 2943 4200; baseline 0.002 -107"><span class='ocrx_word' id='word_1_302' title='bbox 500 4030 920 4200; x_wconf 73' lang='lat' dir='ltr'><strong>testimo11)iis,</strong></span> <span class='ocrx_word' id='word_1_303' title='bbox 991 4050 1152 4110; x_wconf 89' lang='lat' dir='ltr'><strong>quae</strong></span> <span class='ocrx_word' id='word_1_304' title='bbox 1224 4029 1360 4095; x_wconf 83' lang='lat' dir='ltr'><strong>fieri</strong></span> <span class='ocrx_word' id='word_1_305' title='bbox 1425 4032 1757 4096; x_wconf 84' lang='lat' dir='ltr'><strong>consuevit</strong></span> <span class='ocrx_word' id='word_1_306' title='bbox 1802 4049 1920 4111; x_wconf 88' lang='lat' dir='ltr'><strong>per</strong></span> <span class='ocrx_word' id='word_1_307' title='bbox 1968 4030 2225 4096; x_wconf 88' lang='lat' dir='ltr'><strong>chartas</strong></span> <span class='ocrx_word' id='word_1_308' title='bbox 2274 4033 2582 4096; x_wconf 86' lang='lat' dir='ltr'><strong>dissectas</strong></span> <span class='ocrx_word' id='word_1_309' title='bbox 2644 4024 2685 4111; x_wconf 91' lang='lat'><em>(</em></span> <span class='ocrx_word' id='word_1_310' title='bbox 2689 4035 2760 4098; x_wconf 89' lang='lat' dir='ltr'><strong>B.</strong></span> <span class='ocrx_word' id='word_1_311' title='bbox 2813 4036 2870 4098; x_wconf 81' lang='lat'><strong>6.</strong></span> <span class='ocrx_word' id='word_1_312' title='bbox 2938 4056 2943 4061; x_wconf 68' lang='grc'><strong>’</strong></span> 
     </span>
     <span class='ocr_line' id='line_1_39' title="bbox 503 4118 776 4184; baseline 0.007 -2"><span class='ocrx_word' id='word_1_313' title='bbox 503 4118 673 4184; x_wconf 53' lang='lat' dir='ltr'><strong>Donet.</strong></span> <span class='ocrx_word' id='word_1_314' title='bbox 721 4119 776 4184; x_wconf 84' lang='lat'><strong>1.</strong></span> 
     </span>
    </p>
   </div>
   <div class='ocr_carea' id='block_1_9' title="bbox 502 4205 2880 4555">
    <p class='ocr_par' dir='ltr' id='par_1_20' title="bbox 508 4205 2877 4375">
     <span class='ocr_line' id='line_1_40' title="bbox 695 4205 2877 4289; baseline 0.002 -19"><span class='ocrx_word' id='word_1_315' title='bbox 695 4205 983 4284; x_wconf 86' lang='lat' dir='ltr'><strong>Quatuor</strong></span> <span class='ocrx_word' id='word_1_316' title='bbox 1028 4212 1174 4271; x_wconf 92' lang='lat' dir='ltr'><strong>sunt</strong></span> <span class='ocrx_word' id='word_1_317' title='bbox 1219 4206 1453 4289; x_wconf 87' lang='lat' dir='ltr'><strong>legalia</strong></span> <span class='ocrx_word' id='word_1_318' title='bbox 1482 4205 1959 4289; x_wconf 88' lang='lat' dir='ltr'><strong>impedimenta,</strong></span> <span class='ocrx_word' id='word_1_319' title='bbox 1994 4226 2157 4287; x_wconf 88' lang='lat' dir='ltr'><strong>quae</strong></span> <span class='ocrx_word' id='word_1_320' title='bbox 2191 4209 2452 4274; x_wconf 88' lang='lat' dir='ltr'><strong>citatum</strong></span> <span class='ocrx_word' id='word_1_321' title='bbox 2486 4228 2525 4273; x_wconf 89' lang='lat' dir='ltr'><strong>a</strong></span> <span class='ocrx_word' id='word_1_322' title='bbox 2573 4212 2877 4275; x_wconf 86' lang='lat' dir='ltr'><strong>citatione</strong></span> 
     </span>
     <span class='ocr_line' id='line_1_41' title="bbox 508 4294 1685 4375; baseline 0.001 -17"><span class='ocrx_word' id='word_1_323' title='bbox 508 4300 574 4359; x_wconf 91' lang='lat' dir='ltr'><strong>et</strong></span> <span class='ocrx_word' id='word_1_324' title='bbox 614 4313 826 4375; x_wconf 88' lang='lat' dir='ltr'><strong>poena</strong></span> <span class='ocrx_word' id='word_1_325' title='bbox 870 4298 1304 4360; x_wconf 85' lang='lat' dir='ltr'><strong>contumaciae</strong></span> <span class='ocrx_word' id='word_1_326' title='bbox 1351 4294 1685 4360; x_wconf 88' lang='lat' dir='ltr'><strong>relevant:</strong></span> 
     </span>
    </p>

    <p class='ocr_par' dir='ltr' id='par_1_21' title="bbox 502 4382 2880 4555">
     <span class='ocr_line' id='line_1_42' title="bbox 699 4382 2875 4466; baseline 0.002 -20"><span class='ocrx_word' id='word_1_327' title='bbox 699 4384 747 4447; x_wconf 93' lang='lat'><strong>1.</strong></span> <span class='ocrx_word' id='word_1_328' title='bbox 797 4382 1193 4463; x_wconf 87' lang='lat' dir='ltr'><strong>Captivitas;</strong></span> <span class='ocrx_word' id='word_1_329' title='bbox 1261 4386 1429 4465; x_wconf 87' lang='lat' dir='ltr'><strong>capti</strong></span> <span class='ocrx_word' id='word_1_330' title='bbox 1479 4385 1648 4451; x_wconf 89' lang='lat' dir='ltr'><strong>enim</strong></span> <span class='ocrx_word' id='word_1_331' title='bbox 1698 4384 1780 4448; x_wconf 89' lang='lat' dir='ltr'><strong>ab</strong></span> <span class='ocrx_word' id='word_1_332' title='bbox 1828 4384 2117 4450; x_wconf 88' lang='lat' dir='ltr'><strong>hostibus</strong></span> <span class='ocrx_word' id='word_1_333' title='bbox 2174 4385 2401 4451; x_wconf 88' lang='lat' dir='ltr'><strong>merito</strong></span> <span class='ocrx_word' id='word_1_334' title='bbox 2473 4393 2875 4466; x_wconf 88' lang='lat' dir='ltr'><strong>excusantur,</strong></span> 
     </span>
     <span class='ocr_line' id='line_1_43' title="bbox 502 4470 2880 4555; baseline 0.003 -22"><span class='ocrx_word' id='word_1_335' title='bbox 502 4471 650 4551; x_wconf 88' lang='lat' dir='ltr'><strong>quia</strong></span> <span class='ocrx_word' id='word_1_336' title='bbox 702 4470 986 4551; x_wconf 86' lang='lat' dir='ltr'><strong>legitime</strong></span> <span class='ocrx_word' id='word_1_337' title='bbox 1033 4472 1509 4553; x_wconf 89' lang='lat' dir='ltr'><strong>impediuntur,</strong></span> <span class='ocrx_word' id='word_1_338' title='bbox 1579 4478 1648 4537; x_wconf 91' lang='lat' dir='ltr'><strong>et</strong></span> <span class='ocrx_word' id='word_1_339' title='bbox 1694 4473 1745 4535; x_wconf 86' lang='lat' dir='ltr'><strong>si</strong></span> <span class='ocrx_word' id='word_1_340' title='bbox 1807 4475 2051 4538; x_wconf 90' lang='lat' dir='ltr'><strong>reversi</strong></span> <span class='ocrx_word' id='word_1_341' title='bbox 2098 4474 2377 4553; x_wconf 88' lang='lat' dir='ltr'><strong>fuerint,</strong></span> <span class='ocrx_word' id='word_1_342' title='bbox 2426 4475 2880 4555; x_wconf 89' lang='lat' dir='ltr'><strong>postliminium</strong></span> 
     </span>
    </p>
   </div>
  </div>
 </body>
</html>
