3350 5050
582 440 713 508 270
1641 437 1912 492 Stranskii

587 578 931 663 proximus,
996 578 1237 646 Causas
1292 583 1355 646 in
1422 596 1499 646 eo
1558 580 1766 646 nullas
1823 599 1958 648 mos
2003 587 2104 646 est
2147 579 2386 661 agitari
2431 578 2608 657 alias,
2671 583 2961 659 praeter-

591 685 782 750 quam
846 667 927 733 de
988 668 1215 748 quibus
1281 667 1422 733 aliis
1482 669 1547 733 in
1606 669 1762 734 locis
1824 687 2042 733 coram
2101 669 2363 750 paribus
2421 667 2638 732 curiae
2683 669 2966 747 experiri

596 774 731 822 mos
793 760 909 834 est,
974 763 1040 823 et
1084 775 1251 837 quae
1298 757 1565 822 clientes
1610 758 1843 838 regios
1909 757 2202 838 bonaque
2250 756 2542 823 vacantia
2591 773 2666 820 ac
2713 759 2964 822 contro-

595 845 838 911 versias
885 842 1173 910 feudales
1218 846 1557 924 attingunt.
1606 845 1948 912 Praesidet
1993 845 2141 910 huic
2183 844 2512 921 tribunali,
2559 859 2794 925 resque
2829 845 2967 925 eJus

594 934 975 999 moderatur
1018 932 1231 999 Judex
1291 933 1505 998 curiae
1560 934 1808 1013 Regiae
1869 952 2226 1015 supremus,
2298 935 2360 997 in
2427 930 2608 1012 quus
2677 933 2968 998 custodia

590 1025 737 1088 sunt
780 1020 1061 1101 tabulae,
1110 1040 1268 1102 quas
1314 1022 1571 1086 Aulicas
1617 1040 1729 1087 seu
1779 1021 2066 1088 Curiales
2114 1027 2363 1101 vocant,
2408 1019 2747 1086 feudorum
2791 1018 2966 1088 intra

592 1108 776 1190 regni
839 1107 997 1175 fines
1054 1111 1322 1176 sitorum
1386 1110 1869 1191 descriptioneS,
1933 1112 2352 1176 investiturae
2409 1113 2965 1190 monumentaque,

594 1205 663 1263 et
704 1201 855 1263 acta
896 1197 1153 1279 publica
1196 1198 1263 1262 id
1310 1215 1510 1277 genus
1558 1199 1789 1262 omnia.
1854 1197 2096 1265 Nostra
2140 1198 2351 1264 adhuc
2397 1197 2706 1262 memoria
2747 1197 2967 1264 simili-

594 1287 715 1352 bus
772 1288 839 1351 in
903 1287 1111 1352 causis
1175 1287 1351 1352 locus
1410 1287 1601 1351 simili
1653 1285 1896 1366 jndicio
1956 1287 2076 1351 fuit
2134 1287 2200 1352 in
2255 1285 2558 1351 Tachovo
2619 1302 2792 1366 arce,
2855 1287 2970 1351 sed

593 1375 949 1453 antiquavit
990 1373 1057 1439 id
1105 1373 1185 1440 de
1234 1373 1546 1440 Ordinum
1596 1392 1862 1441 assensu
1909 1375 2280 1455 Rudolphus
2326 1374 2466 1438 Rex
2509 1365 2578 1452 ¹).

786 1461 899 1527 IV.
946 1461 1171 1543 Regiis
1216 1461 1379 1529 hisci
1417 1461 1675 1541 judiciis
1723 1462 2175 1543 aequipollent,
2223 1462 2320 1528 vel
2369 1462 2434 1526 in
2479 1462 2798 1527 nonnullis
2841 1461 2970 1527 for-

596 1557 769 1618 tasse
835 1550 1299 1630 quodammodo
1370 1549 1760 1616 antecellunt
1821 1551 2206 1631 Terrestria,
2283 1570 2446 1633 quae
2514 1555 2760 1630 vocant,
2837 1551 2972 1616 sive

594 1641 799 1720 Regni
847 1639 1195 1705 dicasteria
1240 1631 1558 1720 (plerique
1607 1656 1732 1703 non
1778 1643 2046 1721 propria
2091 1657 2247 1704 voce
2292 1639 2708 1721 provincialia
2753 1638 2968 1721 appel-

592 1719 775 1807 lant),
827 1747 866 1791 a
909 1727 1139 1808 quibus
1182 1726 1483 1792 nobilitas
1529 1733 1822 1792 veterum
1857 1727 2264 1807 Bojemorum
2297 1730 2521 1807 omnis,
2568 1745 2693 1792 non
2723 1731 2969 1792 tantum

594 1817 736 1897 ipsa
782 1814 925 1896 sibi,
973 1815 1229 1880 nemine
1278 1821 1569 1896 excepto,
1616 1816 1730 1880 sed
1780 1822 1848 1881 et
1891 1818 2184 1898 principi,
2231 1834 2532 1897 supremo
2567 1815 2969 1896 magistratui

596 1922 731 1983 su0‚
778 1905 841 1968 in
892 1905 1181 1968 maximis
1230 1921 1436 1983 aeque
1483 1921 1558 1968 ac
1592 1905 2041 1970 minutioribus
2072 1905 2347 1986 negotiis
2381 1905 2757 1984 quibusque,
2807 1922 2970 1984 quae

598 1992 839 2072 absque
884 1991 1007 2058 fori
1052 1991 1329 2072 strepitu
1376 1993 1892 2072 compositionem
1943 1998 2350 2074 respuerent,
2405 1993 2512 2073 jus
2570 1991 2694 2056 dici
2753 1992 2969 2070 voluit,

600 2097 891 2160 quaeque
939 2084 1260 2162 potestate
1305 2085 1485 2146 tanta
1530 2086 1724 2159 atque
1771 2080 2165 2147 authoritate
2212 2081 2502 2160 amavit,
2564 2086 2637 2144 ut
2691 2096 2879 2146 nemo
2933 2100 2970 2146 e

594 2171 780 2250 regni
835 2168 1057 2234 incolis
1120 2169 1179 2233 ei
1240 2186 1313 2235 se
1373 2186 1494 2250 per
1539 2170 2002 2235 contumaciam
2051 2170 2333 2234 eximere
2383 2175 2592 2249 queat.
2659 2169 2970 2250 Exemplo

596 2263 747 2322 sunt
790 2255 1069 2323 Comites
1119 2254 1398 2336 Slicchii‚
1453 2257 1559 2336 qui
1608 2276 1752 2322 cum
1795 2256 2004 2321 forum
2051 2256 2170 2322 hoc
2218 2257 2545 2323 declinare
2589 2255 2971 2322 obstinatius

595 2347 746 2411 olim
803 2336 988 2425 (ann.
1043 2335 1254 2427 1505)
1315 2351 1684 2426 pergerent,
1743 2346 1913 2411 bello
1975 2366 2047 2412 se
2108 2345 2371 2423 difficili,
2432 2343 2971 2424 incommodisque

595 2433 897 2512 gravibus
942 2433 1364 2499 involverunt.
1419 2431 1701 2498 Primum
1747 2435 1924 2499 inter
1965 2433 2076 2498 illa
2121 2441 2222 2500 est
2265 2433 2547 2499 tribunal
2587 2431 2970 2512 judiciorum

598 2524 1125 2603 BurggraviatuS‚
1174 2521 1365 2589 Saud
1384 2519 1835 2608 Purlrrabsky',
1884 2524 2051 2603 quod
2104 2528 2172 2588 et
2214 2526 2421 2604 ipsum
2467 2525 2569 2589 est
2613 2523 2968 2599 geminum:

601 2610 786 2676 Prius
820 2611 1327 2691 Burggraviatus
1361 2610 1705 2691 Pragensis
1751 2614 2054 2693 supremi,
2103 2613 2423 2693 posterius
2469 2610 2970 2690 Burggraviatus

605 2701 669 2765 in
705 2700 1031 2779 provincia
1060 2699 1481 2765 Hradecensi.
1531 2698 1774 2764 Sedent
1816 2700 1879 2764 in
1928 2699 2049 2764 hoc
2093 2700 2364 2779 perinde
2409 2717 2486 2765 ac
2512 2697 2580 2762 in
2609 2697 2716 2764 illo
2747 2716 2972 2763 secun-

606 2787 753 2851 dum
818 2788 1062 2854 concilii
1124 2789 1325 2853 omnis
1380 2786 1852 2853 moderatorem
1900 2786 2385 2868 Burggravium,
2447 2779 2856 2865 συμβυλεῦται
2896 2803 2974 2851 ex

602 2876 909 2955 Equestri
969 2874 1193 2941 ordine
1256 2881 1327 2940 ut
1386 2875 1710 2939 minimum
1770 2896 1904 2955 sex,
1968 2882 2478 2956 cognoscantque
2525 2876 2606 2941 de
2652 2874 2976 2955 quibusvis

598 2963 939 3044 propositis
979 2965 1042 3029 in
1082 2962 1322 3043 judicio
1372 2970 1439 3029 et
1486 2962 1566 3028 ad
1613 2962 1946 3028 formulam
1973 2964 2120 3044 jnre
2151 2964 2619 3045 praescriptam
2653 2963 2975 3043 conceptis

602 3051 931 3117 literarum
982 3051 1436 3129 contractibus,
1499 3051 1710 3131 deque
1756 3052 2137 3117 revocandis
2185 3071 2264 3117 ex
2309 3070 2528 3117 eorum
2577 3055 2972 3117 contractum

594 3158 837 3219 genere
906 3142 1073 3205 natis
1138 3138 1679 3219 satisdationibuS‚
1754 3141 1836 3205 de
1905 3140 2088 3205 factis
2158 3141 2274 3206 sub
2344 3156 2550 3222 poena
2621 3137 2978 3205 voluntaria

596 3228 959 3307 tabulisque
1018 3225 1205 3307 hujus
1259 3227 1485 3305 judicii
1548 3229 1804 3293 insertis
1865 3228 2378 3309 obligationibuS,
2448 3226 2530 3293 de
2578 3225 2854 3293 confusis
2899 3244 2975 3291 ac

598 3314 943 3397 illegitimis
990 3316 1546 3394 arrestationibuS‚
1611 3316 1695 3381 de
1759 3317 2196 3397 compellendo
2247 3322 2394 3397 post
2438 3334 2576 3383 rem
2617 3315 2970 3396 judicatam

595 3404 923 3471 creditore
984 3403 1067 3468 ad
1126 3403 1409 3469 rationes
1463 3404 1547 3468 de
1594 3404 1952 3469 nominibus
2000 3424 2140 3469 cum
2189 3405 2482 3470 debitore
2527 3402 2971 3481 conferenda-³,

598 3493 807 3573 deque
854 3491 1257 3558 cautionibus
1302 3498 1449 3573 post
1496 3492 1873 3557 solutionem
1917 3493 2148 3558 factam
2200 3492 2676 3573 ‹lispungendis.
2722 3491 2794 3555 In
2823 3510 2966 3571 pro-

590 3582 801 3647 vincia
846 3580 1244 3648 Hradecensi
1304 3581 1406 3646 vel
1472 3580 1677 3661 potius
1732 3582 1912 3646 urbis
1959 3580 2188 3645 dotalis
2235 3580 2582 3662 primariae
2628 3599 2778 3645 arce
2825 3579 2970 3661 ipsa

591 3672 795 3749 regia,
858 3676 1207 3735 erexerunt
1262 3667 1395 3748 jam
1456 3669 1603 3733 olim
1670 3668 1967 3747 maioreS,
2031 3671 2096 3733 in
2158 3669 2522 3749 reginarum
2588 3659 2684 3738 (ni
2726 3660 2968 3747 fallor),

594 3758 843 3823 maritis
885 3756 1173 3837 Regibus
1218 3757 1676 3838 superstitium,
1727 3758 2163 3836 dotalitiisque
2211 3756 2385 3823 hisce
2433 3776 2548 3838 pro
2593 3756 2742 3821 aula
2783 3761 2968 3822 uten-

598 3845 773 3923 tium,
836 3864 954 3910 nec
996 3846 1060 3909 in
1106 3845 1321 3927 Reges
1370 3863 1776 3910 successores
1824 3864 2079 3927 semper
2124 3845 2291 3911 bene
2338 3846 2784 3924 animatarum,
2839 3844 2971 3910 sive

592 3934 865 4013 gratiam
926 3934 1063 4000 sive
1115 3933 1447 4014 honorem,
1512 3932 2015 4013 provincialibus
2071 3933 2294 3999 incolis
2352 3933 2560 3999 forum
2621 3932 2968 4014 peculiare,

594 4023 657 4085 in
704 4039 829 4102 quo
877 4022 1178 4103 persequi
1216 4021 1321 4101 jus
1367 4041 1549 4085 suum
1599 4025 1783 4086 actor
1817 4023 2126 4087 adversus
2157 4040 2338 4087 reum
2364 4020 2735 4101 Jubebatur.
2785 4020 2972 4085 Tem·

594 4112 771 4190 poris
804 4110 1061 4175 tandem
1095 4126 1465 4190 progressu,
1514 4109 1750 4175 factum
1799 4113 1900 4173 est
1943 4110 2224 4175 tribunal
2271 4108 2390 4175 hoc
2435 4128 2515 4174 ex
2558 4108 2974 4175 tumultuario

594 4201 1115 4279 temporarioque
1162 4197 1557 4263 ordinarium
1608 4202 1675 4263 et
1721 4202 2126 4279 perpetuum.
2177 4198 2602 4277 Cognoscitur
2643 4200 2860 4262 autem
2907 4199 2969 4261 in

590 4306 688 4366 eo,
750 4306 831 4353 ex
880 4287 1031 4366 jure
1089 4286 1363 4352 necdum
1420 4286 1612 4367 plane
1684 4286 2008 4367 descripto
2059 4277 2130 4366 ²),
2193 4286 2308 4352 sed
2357 4288 2592 4369 partim
2639 4290 2975 4367 terrestre,

800 4476 847 4545 ¹)
884 4476 1077 4531 Comit.
1119 4493 1243 4531 ann.
1286 4480 1441 4536 1608.
1516 4472 1566 4544 ²)
1608 4476 1800 4532 Comit.
1841 4493 1967 4535 ann.
2010 4480 2164 4536 1600.
