3350 5050
1078 469 1411 539 Respublica
1450 469 1693 536 BoJema.
1732 469 1864 536 Cap.
1903 467 1996 526 XI.
2601 471 2726 542 237

354 611 543 676 modo
590 629 731 676 cum
780 628 857 675 eo
904 608 1142 675 habent
1186 627 1605 689 communem,
1656 607 1927 688 ejusque
1975 613 2360 689 potestatem
2409 627 2487 674 ae
2515 609 2726 689 splen·

357 699 579 765 dorem
626 698 1011 780 adaequant.
1076 699 1257 763 Bona
1301 698 1581 778 ipsorum
1632 703 1770 761 tota
1823 697 2105 778 Bojemia
2163 696 2472 778 pleraque
2519 697 2733 761 omnia

356 787 755 853 hereditaria
786 793 935 852 sunt
966 805 1081 852 seu
1113 786 1456 865 allodialia,
1504 803 1835 867 perpauca
1880 784 2181 850 feudalia.
2235 785 2525 850 Possidet
2559 786 2733 865 quis-

358 894 505 955 que,
554 876 719 954 quod
768 875 988 953 habet,
1038 894 1179 940 cum
1226 874 1469 938 minore
1517 881 1583 940 et
1630 871 1892 952 maJore,
1957 890 2144 952 quam
2205 875 2438 955 capitis
2487 881 2732 947 vocant,

350 963 837 1042 jurisdictione;
899 964 1172 1030 venandi
1228 962 1419 1028 etiam
1486 961 1975 1043 aucupandique
2034 979 2110 1026 ac
2179 961 2460 1042 piscandi
2511 962 2572 1026 in
2619 979 2733 1025 suo

353 1051 557 1124 habet
602 1057 991 1133 potestatem
1040 1049 1336 1130 liberam,
1384 1049 1574 1116 nullis
1618 1050 1742 1114 uisi
1803 1050 1864 1113 in
1913 1067 2072 1129 quas
2117 1049 2389 1114 ‘conlitiis
2437 1052 2733 1128 frequen-

356 1141 528 1205 tibus
559 1138 681 1205 fuit
710 1157 1109 1218 consensum,
1156 1138 1591 1203 exactionibus
1637 1138 1822 1202 novis
1868 1142 1980 1202 aut
2027 1137 2444 1216 vectigalibus
2487 1156 2524 1202 a
2557 1138 2732 1219 prin-

355 1229 603 1309 cipibus
665 1233 993 1308 gravatur.
1063 1228 1116 1293 A
1177 1228 1446 1308 privatis
1515 1226 1692 1291 hisce
1753 1227 1950 1292 rebus
2014 1225 2094 1288 ad
2165 1225 2424 1307 publica
2483 1243 2734 1306 quoque

356 1317 538 1397 regui
586 1316 849 1396 negotia
894 1317 1023 1380 late
1069 1315 1421 1396 porrigitur
1468 1313 1784 1379 Ordinum
1832 1312 2152 1379 libertatis
2196 1315 2600 1394 magnitudo,
2669 1315 2732 1378 in

356 1422 622 1484 quorum
686 1403 1143 1485 procuratione
1204 1423 1283 1467 ex
1348 1404 1551 1470 veteri
1597 1402 1890 1466 instituto
1951 1394 2043 1471 (id
2093 1397 2259 1481 quod
2301 1402 2434 1482 Jam
2482 1409 2632 1467 ant-e
2686 1398 2734 1482 ¹)

268 1573 273 1578 ¹
360 1483 833 1570 recensuimus)
896 1491 1142 1570 aliquot
1190 1491 1433 1571 jurium
1492 1491 1886 1570 majestatiS,
1949 1489 2224 1554 validam
2284 1489 2523 1556 habent
2595 1508 2736 1554 cum

354 1581 641 1662 principe
689 1581 1291 1662 participationem;
1356 1579 1419 1643 in
1457 1577 1750 1658 justitiae
1799 1576 2372 1657 administratione,
2419 1579 2740 1660 praemio-

358 1686 631 1748 rumque
679 1675 746 1733 et
789 1686 1143 1750 poenarum
1177 1667 1629 1732 distributione
1658 1665 2052 1746 amplissima
2085 1673 2186 1730 est
2217 1666 2464 1730 illorum
2512 1665 2738 1731 autho-

358 1757 539 1836 ritas,
590 1774 757 1837 quae
807 1756 941 1820 loeo
989 1774 1103 1821 suo
1150 1755 1389 1821 clarius
1438 1755 1866 1837 explicabitur
1896 1746 1972 1829 ²).
2045 1753 2246 1818 Nemo
2311 1761 2497 1819 extra
2553 1755 2737 1833 regni

354 1845 518 1910 fines
564 1850 772 1924 natuS,
846 1843 945 1910 vel
1007 1843 1071 1907 in
1119 1845 1362 1909 Ordine
1421 1861 1742 1924 quoquam
1804 1841 2057 1906 censeri
2123 1841 2221 1905 vel
2285 1844 2424 1922 agri
2485 1843 2736 1922 glebam

352 1933 503 2013 jure
551 1933 816 1997 dominii
860 1932 1105 1996 habere
1152 1930 1251 1997 vel
1300 1949 1533 2012 gerere
1580 1949 1814 2011 sepro
1863 1930 2188 2011 regnicola
2234 1936 2470 2011 potest,
2533 1932 2742 2012 prius-

358 2039 568 2102 quam,
618 2021 849 2086 nobilis
896 2039 937 2084 a
981 2019 1315 2084 nobilitate
1364 2026 1677 2085 conventu
1723 2017 2048 2097 frequenti
2083 2009 2155 2096 ⁸),
2205 2017 2360 2082 civis
2403 2036 2444 2082 a
2473 2019 2740 2084 sedente

356 2127 476 2190 pro
514 2107 816 2173 tribunali
851 2108 1231 2188 magistratu
1268 2107 1385 2173 loci
1422 2108 1637 2186 civico,
1666 2123 1747 2170 ea
1776 2107 1860 2170 de
1891 2125 1962 2170 re
1995 2123 2325 2171 assensum
2357 2108 2739 2187 impetrarit,

360 2204 428 2262 et
472 2197 861 2278 priusquam,
913 2197 1064 2260 data
1111 2197 1191 2261 de
1241 2195 1509 2261 colenda
1570 2195 1936 2273 tuendaque
1999 2196 2290 2259 coronati
2337 2195 2739 2272 Bojemormn

360 2287 535 2365 regis
582 2290 885 2364 tanquam
920 2283 1159 2349 domini
1190 2285 1282 2348 sui
1333 2285 1500 2349 unici
1532 2291 1599 2348 et
1631 2284 2046 2362 magistratus
2077 2283 2361 2362 supremi
2407 2283 2743 2364 majestate

360 2373 560 2452 regia,
638 2373 846 2452 deque
921 2373 1253 2437 servandis
1324 2372 1585 2438 Ordinis
1650 2371 1900 2448 legibus
1968 2377 2036 2432 et
2101 2369 2321 2435 liberis
2388 2371 2452 2434 in
2524 2371 2743 2450 lingua

362 2460 688 2540 Bojemica
737 2459 1167 2541 instituendiS‚
1212 2458 1338 2526 fide
1384 2462 1682 2542 ingenua,
1733 2457 1980 2536 Ordini,
2039 2475 2228 2539 quem
2276 2465 2575 2539 gesturus
2623 2465 2757 2539 est‚·

362 2549 725 2631 adscriptus
771 2549 1025 2631 publice
1072 2566 1149 2614 ac
1196 2552 1601 2615 consociatus
1643 2548 1859 2617 fuer—it.
1925 2548 2158 2625 Duces,
2214 2546 2742 2627 marchionesque

362 2637 651 2719 Bojemia
724 2636 931 2701 nullos
1004 2637 1219 2716 habet,
1298 2638 1562 2703 comites
1640 2653 2014 2718 perpaucos
2097 2633 2162 2699 Si
2232 2636 2372 2715 quis
2441 2636 2568 2700 dux
2639 2636 2739 2700 vel

364 2725 649 2790 marchio
699 2724 797 2789 vel
842 2742 1055 2790 comes
1100 2727 1272 2789 inter
1316 2725 1681 2804 regnicolas¹
1725 2724 2014 2804 cooptari
2062 2728 2256 2802 atque
2306 2742 2530 2803 agrum
2572 2724 2744 2788 intra

360 2814 543 2893 regni
588 2811 752 2879 fines
797 2812 1041 2879 habere
1088 2814 1322 2893 cupiat,
1372 2814 1641 2877 Baronis
1688 2812 1812 2876 loci
1858 2811 2338 2891 eminentiaque
2369 2816 2742 2877 contentum

363 2914 507 2967 esse
538 2905 826 2983 oportet;
884 2902 1080 2966 decus
1127 2902 1319 2965 altius
1366 2900 1613 2966 ambire
1660 2918 1780 2980 per
1825 2900 2004 2979 leges
2048 2916 2170 2964 non
2218 2906 2453 2979 potest.
2522 2900 2742 2965 Veteri

364 2994 582 3054 autem
629 2990 939 3069 instituto,
988 3006 1177 3055 nemo
1222 2988 1287 3053 in
1337 2990 1655 3054 Baronum
1707 2988 2035 3063 Ordinem,
2087 2988 2346 3065 quinon
2395 2988 2477 3052 ab
2525 2986 2746 3051 abavis

365 3078 730 3158 equitibus,
800 3094 988 3141 nemo
1035 3080 1100 3142 in
1152 3076 1594 3156 Equestrium,
1662 3078 1770 3156 qui
1833 3092 1956 3138 nou
2019 3093 2058 3139 a
2105 3076 2380 3155 proavia
2451 3076 2745 3154 integrae

365 3165 575 3229 famae
606 3166 991 3245 hominibuS,
1036 3165 1485 3247 procreatione
1520 3165 1808 3245 legitima
1851 3162 2221 3242 descendat,
2269 3164 2745 3243 maJoribusque

364 3254 743 3333 exceptione
792 3253 1191 3319 documentis
1240 3254 1684 3318 demonstrare
1731 3270 1870 3316 rem
1919 3256 2134 3330 queat,
2183 3251 2436 3316 admitti
2485 3260 2742 3331 coopta-

366 3344 505 3407 rive
551 3341 731 3406 solet.
1977 3354 1984 3361 ·

560 3428 668 3494 IV.
718 3430 1199 3511 Distinguendis
1247 3447 1438 3510 porro
1472 3428 1678 3494 isthoc
1723 3427 1910 3492 modo
1946 3428 2299 3493 Ordinibus
2346 3428 2743 3492 occasionem

364 3518 698 3582 veteribus
723 3517 961 3597 objecit
984 3519 1200 3599 posita
1223 3516 1303 3581 ob
1328 3517 1544 3582 oculos
1557 3515 1953 3596 reipublicae
1971 3520 2344 3582 necessitas,
2371 3514 2751 3597 Apparebat

365 3606 680 3685 siquidem
748 3624 889 3670 eam
949 3606 1319 3685 neutiquam
1379 3606 1753 3670 duraturam
1817 3605 1926 3668 diu
1999 3604 2096 3669 vel
2166 3605 2405 3668 salvam
2466 3602 2745 3668 futuram

365 3711 485 3757 nec
542 3694 891 3775 principem
960 3694 1139 3759 oneri
1202 3694 1485 3759 muneris
1549 3694 1647 3758 sui
1704 3692 1972 3757 ferendo
2030 3693 2230 3757 solum
2293 3692 2430 3757 fore
2501 3709 2746 3773 parem,

364 3781 484 3846 nisi
551 3783 761 3863 legum
835 3785 902 3846 et
981 3781 1272 3847 liberatis
1344 3780 1641 3847 custodes
1709 3786 1842 3843 tum
1911 3784 2164 3861 togatos
2233 3786 2366 3845 tum
2445 3785 2748 3859 armatos,

363 3876 900 3949 mercaturaeque
948 3877 1013 3935 et
1060 3872 1583 3936 commerciorum
1634 3886 1710 3933 ac
1757 3866 2152 3949 opificiorum
2201 3874 2533 3934 curatores
2577 3866 2746 3932 domi

360 3956 651 4023 haberet.
719 3956 759 4021 J
765 3960 895 4023 uris
953 3976 1111 4038 ergo
1171 3958 1364 4040 patrii
1420 3957 1765 4037 legumque
1825 3957 2363 4041 interpretationi,
2427 3956 2750 4021 libertatis

364 4062 441 4109 ac
502 4045 987 4127 privilegiorum
1054 4047 1385 4111 custodiae
1439 4051 1507 4109 et
1552 4045 1883 4127 capiendis
1932 4046 2010 4109 de
2060 4046 2425 4126 republicae
2475 4044 2752 4109 consiliis

361 4125 709 4213 (siquidem
767 4134 1097 4215 peregrini
1159 4151 1377 4199 omnes
1434 4152 1474 4198 a
1534 4134 1887 4199 tractandis
1943 4134 2138 4197 rebus
2183 4134 2543 4213 Bojemicis,
2604 4132 2749 4212 lege

370 4223 605 4302 prisca,
666 4240 971 4302 moreque
1017 4240 1273 4304 semper
1319 4228 1620 4288 accurate
1666 4229 1942 4299 servam,
2000 4240 2262 4303 prorsus
2321 4218 2750 4303 repelluntur)

568 4428 613 4489 ¹)
669 4426 804 4492 Oap.
852 4426 936 4493 V„
998 4430 1050 4493 S.
1112 4434 1177 4485 10
1231 4434 1284 4479 ct
1344 4432 1425 4485 11.
1500 4426 1551 4491 ²)
1610 4426 1743 4493 Ρη).
1793 4424 1942 4491 xvi,
1998 4428 2048 4491 ἒ.
2108 4430 2159 4491 4,
2216 4426 2266 4491 5,
2321 4430 2373 4483 6.
2447 4426 2496 4487 ³)
2553 4424 2746 4477 Comit.

360 4512 488 4552 ann.
530 4500 683 4565 1610,
730 4500 879 4554 16¹5.
