3350 5050
1295 497 1404 554 Tit.
1441 499 1590 553 XVI.
1629 504 1685 551 et
1718 497 1893 553 xvn.
2710 503 2785 569 31

1034 626 1298 694 impubeS‚
1335 630 1397 678 ut
1432 626 1704 679 masculus
1746 629 1813 683 18
1849 632 1905 679 et
1941 625 2173 680 foemina
2404 629 2545 682 servi

1110 701 1174 756 15
1213 698 1368 750 annis
1407 697 1605 752 minor.
2402 698 2559 753 liberi

1035 769 1229 825 mentis
1267 769 1442 835 inops,
2399 787 2508 824 non
2541 771 2767 824 emanci-

1035 839 1227 893 mulier
1263 841 1318 892 in
1357 839 1711 894 testamentis
2476 844 2591 909 pati

1039 911 1234 979 quibus
1274 911 1578 978 producens
1619 911 1887 978 imperare
1926 917 2123 978 potest,
2160 917 2222 963 ut
2402 915 2659 998 conjuges

579 1057 769 1110 Testes
2408 987 2639 1124 {lqiedlliis
2678 1057 2797 1110 vide

421 1143 669 1184 essenon
691 1134 924 1196 possunt
1043 1125 1256 1179 infamis
2480 1127 2539 1183 B.
2606 1135 2667 1186 61
2746 1131 2801 1182 in

2467 1201 2600 1255 Jure
2616 1200 2802 1268 Prag.l

1045 1307 1282 1373 suspecti
1314 1314 1408 1359 aut
1517 1276 1847 1322 inimicitiam

1119 1383 1343 1446 propter

1512 1198 1800 1250 amicitiam

1445 1202 1469 1450 1
1518 1341 1882 1408 captationem

1589 1413 1724 1466 lucri

1455 1453 1479 1626 l
1516 1486 1831 1568 societatefn

1591 1573 1844 1609 crimmis.

977 1851 1101 1921 De
1140 1847 1554 1946 probatione
1591 1873 1727 1944 per
1777 1847 2268 1920 imtmomenta.

1337 2032 1654 2096 Titulus
1704 2032 1911 2097 XVII.

633 2187 880 2265 Quarta
911 2187 1308 2269 probationis
1355 2187 1601 2268 species
1634 2193 1755 2274 est,
1807 2205 1971 2266 quae
2019 2190 2293 2252 sumitur
2339 2209 2418 2268 ex
2449 2193 2813 2256 conventio-

440 2278 625 2342 nibus
671 2277 948 2356 scriptiS‚
998 2295 1076 2340 ex
1136 2276 1514 2342 testimoniis
1575 2274 1672 2340 vel
1729 2275 1870 2339 aliis
1918 2277 2275 2357 scripturi3‚
2340 2295 2507 2357 quae
2554 2279 2816 2361 proprie

443 2367 873 2429 instrumenta
933 2370 1256 2429 vocantur.
1317 2363 1456 2428 Hoc
1509 2364 1763 2428 nomine
1824 2383 1903 2427 ea
1962 2365 2171 2428 omnia
2232 2375 2380 2429 sunt
2426 2366 2820 2446 accipienda,

445 2453 676 2534 quibus
745 2471 938 2517 causa
1005 2452 1236 2517 instrui
1305 2457 1553 2534 potest,
1637 2456 1705 2515 et
1772 2451 1915 2516 ideo
1988 2455 2119 2517 tam
2199 2454 2565 2518 testimonia
2636 2474 2823 2535 quam

449 2560 762 2623 personae
809 2542 1374 2606 instrument-orum
1421 2540 1559 2604 loco
1607 2540 1947 2606 habentur.

646 2674 1079 2740 Instrumenta
1149 2681 1296 2739 sunt
1361 2672 1658 2755 duplicia,
1735 2674 1993 2755 publica
2060 2680 2126 2739 et
2203 2677 2493 2755 privata:
2564 2675 2829 2741 Publica

454 2765 771 2843 dicuntur,
821 2766 1050 2843 quibus
1097 2764 1176 2826 de
1217 2763 1366 2842 jure
1397 2761 1494 2827 vel
1544 2763 2003 2827 consuetudine
2032 2764 2221 2843 plena
2252 2762 2410 2827 fides
2439 2771 2830 2844 praestatur,

457 2858 528 2917 ut
557 2853 788 2933 primo,
837 2854 891 2916 si
939 2857 1086 2917 sunt
1131 2852 1372 2932 scripta
1413 2869 1602 2915 manu
1652 2853 1904 2931 notarii,
1940 2852 2037 2915 vel
2086 2853 2150 2915 in
2189 2852 2453 2931 judicio,
2505 2852 2604 2917 vel
2650 2859 2835 2916 extra

449 2940 790 3019 judicium
857 2941 1154 3020 secundo,
1228 2941 1283 3004 si
1331 2939 1654 3018 scriptura
1715 2939 1921 3020 sigillo
1980 2940 2233 3021 publico
2294 2942 2706 3020 magistratus
2753 2940 2837 3003 sit

456 3028 773 3109 sigillata3
847 3030 1058 3108 tertio,
1129 3029 1183 3092 si
1237 3030 1731 3091 instrumentum·
1784 3028 2018 3106 judicis
2076 3029 2424 3093 autoritate
2484 3038 2585 3093 est
2626 3027 2833 3108 publi-

455 3123 706 3193 catum;
774 3122 1024 3198 quarto,
1085 3116 1138 3179 si
1198 3113 1519 3196 scriptura
1588 3115 1787 3179 habet
1846 3115 2183 3181 scribentis
2244 3122 2311 3180 et
2368 3118 2625 3181 testium
2687 3116 2833 3180 sub·

464 3204 905 3285 se1·iptionem;
977 3205 1214 3285 quinto,
1287 3202 1540 3283 quando
1612 3204 1935 3283 scriptura
2003 3204 2361 3267 extrahitur
2430 3203 2510 3268 de
2582 3202 2838 3268 archivo

459 3293 736 3375 publicu,
785 3292 956 3371 quod
1012 3294 1076 3357 in
1124 3291 1440 3356 communi
1483 3308 1600 3354 usu
1649 3292 2014 3372 appellatur
2048 3290 2445 3356 cancellaria
2493 3292 2841 3356 communis

461 3386 574 3444 ant
617 3380 996 3447 Rationaria
1043 3380 1409 3445 eommunis,

660 3512 918 3577 Privata
964 3512 1262 3577 dicuntur
1308 3512 1454 3576 illae
1502 3504 1883 3591 scripturae‚'
1941 3529 2100 3591 quas
2148 3530 2312 3577 uuus
2358 3512 2627 3592 quisque
2689 3530 2727 3575 a
2774 3530 2841 3575 se

463 3601 600 3681 ipso
650 3601 890 3680 scribit,
941 3608 1010 3665 et
1051 3600 1210 3667 haee
1271 3602 1333 3663 in
1373 3600 1522 3679 jure
1583 3597 1992 3679 appellantur
2054 3605 2166 3664 aut
2225 3599 2673 3680 chirographa,
2734 3605 2849 3663 aut

463 3689 690 3753 literae
737 3690 869 3754 sive
917 3688 1248 3771 epistolae,
1297 3688 1376 3752 de
1425 3688 1656 3766 quibus
1705 3706 1821 3767 per
1868 3687 2150 3753 tabulam
2200 3687 2579 3768 subjectam.

666 3865 846 3916 Causa
884 3862 1122 3916 efficiens
1161 3862 1300 3915 hanc
1341 3862 1715 3929 probationem
1755 3868 1837 3915 est
1875 3878 2001 3929 pars
2042 3862 2207 3915 edens
2245 3862 2618 3917 instnumenta.

666 3950 974 4016 Subjectum
1014 3956 1140 4003 sunt
1177 3948 1576 4015 conventioneS‚
1625 3954 1788 4013 pacta
1828 3946 1908 4000 vel
1948 3946 2321 4015 obligationes,
2374 3962 2510 4015 quae
2559 3948 2613 3998 in
2651 3947 2849 4001 instru-

465 4022 658 4075 mentis
697 4022 1054 4077 continentur.

669 4108 949 4188 Objectum
975 4115 1104 4161 sunt
1130 4107 1444 4174 negationes
1471 4104 1660 4171 ραι-ὗε,
1682 4109 1871 4163 contra
1893 4118 2050 4169 quarn
2079 4102 2455 4170 producuntur
2480 4104 2853 4159 instrumenta.

666 4194 867 4249 Forma
905 4202 988 4249 est
1023 4196 1284 4263 cujusque
1335 4190 1438 4245 fori
1474 4186 1827 4255 consuetude,
1878 4202 2017 4254 quae
2053 4188 2109 4239 in
2146 4186 2327 4241 fienda
2379 4188 2483 4241 hac
2533 4188 2855 4255 probatione

469 4271 732 4321 servatur.

669 4352 819 4405 Finis
859 4358 956 4419 est,
995 4356 1054 4403 ut
1092 4368 1190 4417 per
1225 4351 1365 4404 hanc
1406 4351 1783 4418 probationem
1822 4346 2074 4414 negativa
2112 4349 2283 4416 partis
2312 4348 2574 4403 adversae
2616 4349 2857 4403 diluatur

471 4432 526 4477 et
551 4423 720 4491 judex
761 4429 820 4475 ut
857 4424 1136 4477 veritatem
1173 4438 1371 4476 causae
1410 4423 1693 4489 percipiat.
