3350 5050
555 559 641 626 22
1281 549 1289 556 ’
1353 557 1418 609 V.
1459 552 1796 624 Ophthalmii
1832 535 2161 606 ProcessuS.'

753 697 854 760 Ex
911 695 1115 760 officio
1172 713 1447 774 namque
1503 693 1602 759 rei
1663 697 1795 772 est,
1857 690 2063 756 actori
2124 690 2218 754 vel
2282 711 2586 772 expresse
2648 694 2747 758 vel
2816 713 2935 776 per

559 787 838 866 aliquam
887 785 1325 865 exceptionem
1374 783 1767 863 respondere
1816 774 1932 860 (B.
1966 778 2064 843 12.
2096 779 2271 843 Diat.
2300 782 2354 844 1.
2392 785 2468 845 Α.
2501 783 2603 846 45.
2638 782 2807 848 Diei.
2836 775 2940 864 3.)

757 873 943 937 Licet
987 872 1277 952 exceptio
1327 889 1579 951 quoque
1626 871 1879 935 dicatur
1938 869 2307 948 responsio,
2368 887 2493 932 non
2552 877 2767 935 tamen
2824 889 2944 952 per

559 981 701 1029 eam
751 959 831 1025 de
860 961 1018 1026 Jure
1049 959 1382 1024 Communi
1426 958 1856 1024 introducitur
1901 955 2031 1018 litis
2064 958 2464 1023 contestatio,
2516 957 2646 1022 Sed
2690 961 2943 1038 quando

557 1067 708 1117 reus
775 1055 1080 1114 contenta
1147 1048 1212 1113 in
1271 1047 1485 1112 libello
1568 1047 1670 1112 vel
1729 1043 2043 1124 affirmat,
2109 1043 2209 1106 vel
2278 1050 2510 1126 negat,
2570 1045 2649 1111 lis
2712 1048 2947 1118 dicitur

563 1143 942 1205 contestata.

755 1225 1066 1306 Exceptio
1115 1224 1271 1289 nihil
1304 1224 1476 1288 aliud
1509 1226 1627 1302 est,
1663 1239 1856 1302 quam
1888 1219 2157 1285 actionis
2203 1221 2501 1285 exclusio.
2550 1221 2717 1300 Quia
2762 1225 2949 1289 sicuti

565 1313 849 1379 actiones
895 1318 1044 1377 sunt
1089 1330 1270 1376 arma
1315 1319 1628 1390 actorum,
1674 1311 1769 1374 ita
1816 1325 2067 1387 quoque
2114 1309 2523 1390 exceptiones
2570 1317 2720 1374 sunt
2772 1331 2950 1377 arma

558 1419 838 1479 reorum,
901 1402 980 1465 ad
1030 1401 1492 1464 excludendum
1549 1399 1634 1479 id,
1687 1396 1853 1477 quod
1899 1397 1967 1461 in
2015 1396 2435 1462 intentionem
2467 1399 2947 1465 condemnatio-

566 1508 794 1556 nemve
847 1489 1192 1553 deductum
1240 1493 1342 1552 est
1388 1477 1503 1567 (B.
1559 1487 1658 1551 12.
1710 1485 1881 1550 Diet.
1932 1475 2038 1564 2.)

757 1577 1092 1641 Interdum
1120 1575 1354 1656 evenit,
1388 1581 1460 1640 ut
1491 1575 1805 1655 exceptio,
1839 1591 2005 1652 quae
2039 1573 2248 1653 prima
2276 1572 2442 1638 facie
2466 1573 2645 1652 justa
2678 1575 2950 1656 videtur,

575 1672 792 1731 tamen
839 1664 1054 1744 inique
1101 1669 1367 1740 noceat;
1433 1664 1601 1742 quod
1663 1661 1806 1726 c'um
1868 1661 2135 1739 accidit,
2195 1661 2321 1725 alia
2370 1662 2753 1743 allegatione
2801 1681 2960 1744 opus

569 1758 702 1833 est,
752 1751 1095 1831 adjuvandi
1144 1752 1378 1817 actoris
1425 1751 1658 1832 gratia,
1707 1768 1872 1829 quae
1917 1749 2253 1829 replicatio
2300 1756 2596 1829 vocatur,
2644 1752 2795 1830 quia
2838 1770 2959 1832 per

571 1858 713 1905 eam
763 1840 1117 1921 replicatur
1147 1845 1342 1920 atque
1379 1838 1727 1904 resolvitur
1751 1836 1856 1917 jus
1888 1837 2303 1918 exceptionis,
2349 1837 2439 1902 Et
2468 1839 2517 1902 si
2552 1838 2713 1904 haec
2741 1840 2956 1920 inique

571 1932 803 1993 noceat
847 1947 980 2007 re0‚
1016 1930 1208 1993 datur
1241 1930 1302 1992 ei
1335 1927 1709 2007 duplicati0‚
1760 1931 1825 1990 et
1857 1927 2058 1990 actori
2104 1925 2473 2006 triplicatio,
2522 1945 2599 1991 ac
2632 1929 2957 1992 interdum

572 2016 862 2081 ulterius.

761 2103 964 2180 Quum
1000 2122 1149 2168 reus
1181 2104 1558 2184 excipiendo
1591 2102 1707 2166 fiat
1738 2107 1939 2182 actor,
1972 2119 2151 2165 suam
2202 2105 2639 2179 exceptionem
2676 2105 2955 2184 probare
3034 2169 3047 2174 -

571 2195 849 2270 tenetur,
898 2192 1018 2256 nisi
1053 2192 1349 2256 mulctari
1381 2192 1536 2256 velit
1569 2191 1789 2255 decem
1824 2190 2161 2269 sexagenis
2196 2207 2561 2270 grossorum
2610 2186 2957 2270 (statuente

567 2279 665 2344 sic
711 2288 946 2344 statuto
993 2280 1306 2345 comitiali
1348 2287 1603 2364 recepto
1647 2279 1719 2343 in
1764 2278 2102 2342 celebratis
2154 2278 2429 2342 comitiis
2476 2302 2645 2343 aimo
2693 2281 2957 2344 Domini

571 2369 760 2432 1575.
812 2369 890 2433 B.
947 2356 1091 2450 13.)

764 2457 900 2520 Hoc
948 2460 1261 2521 statutum
1309 2458 1658 2539 praecipue
1693 2454 2075 2536 intelligitur
2104 2455 2185 2519 de
2233 2453 2330 2535 iis,
2380 2454 2488 2533 qui
2536 2456 2665 2520 suis
2712 2475 2945 2537 excep—

569 2544 846 2609 tionibus
917 2564 1042 2609 non
1089 2546 1287 2610 solum
1336 2546 1507 2628 parti
1557 2546 1893 2625 adversae,
1942 2544 2056 2608 sed
2104 2548 2171 2608 et
2216 2542 2414 2622 judici
2486 2562 2604 2624 per
2662 2544 2955 2610 fraudem

575 2651 652 2697 ac
699 2632 908 2697 dolum
958 2634 1220 2714 negotia
1265 2634 1607 2700 facessunt.
1657 2624 1891 2705 (Fraus
1938 2632 2109 2695 enim
2158 2636 2225 2697 et
2271 2630 2451 2695 dolus
2496 2634 2733 2698 nemini
2766 2634 2961 2699 debet

573 2715 1023 2801 patrocinari.)
1073 2722 1224 2787 Ideo
1275 2724 1383 2801 qui
1431 2741 1500 2786 se
1547 2722 1837 2802 legitin·a
1884 2721 2257 2799 exceptione
2315 2718 2657 2785 defendere
2714 2723 2958 2799 nititur,

577 2825 700 2871 non
747 2809 1003 2873 videtur
1048 2811 1113 2874 in
1159 2811 1456 2875 fraudem
1505 2811 1664 2889 legis
1713 2827 1856 2874 eam
1902 2822 2249 2888 opponere.

771 2935 951 2987 Causa
989 2935 1229 2989 efficiens
1271 2936 1640 3002 exceptionem
1682 2938 1765 2986 est
1800 2949 1943 3001 renS,
1996 2932 2087 2999 qui
2124 2946 2241 2985 cam
2282 2948 2347 2985 ex
2386 2932 2741 2999 dispositione
2780 2935 2955 3003 legum

579 3006 825 3073 opponit.

774 3076 1082 3142 Subjeetum
1135 3084 1217 3130 est
1259 3077 1370 3145 juS‚
1427 3094 1519 3131 reo
1577 3077 1837 3130 adversus
1876 3080 2113 3128 actorem
2166 3092 2227 3127 ex
2270 3081 2448 3143 pacto,
2504 3077 2869 3129 transactione
2908 3084 2961 3130 et

579 3147 844 3202 similibus
884 3153 1211 3215 competens,

775 3220 1054 3287 Objectum
1097 3226 1181 3272 est
1217 3220 1444 3273 intentio
1486 3220 1703 3286 actoris,
1742 3219 1795 3271 in
1835 3215 2016 3272 libello
2058 3219 2395 3271 accusatorio
2434 3219 2594 3273 edita.

772 3293 973 3345 Forma
1011 3296 1111 3358 est,
1149 3298 1209 3343 ut
1247 3298 1378 3344 ante
1419 3292 1527 3343 lit-is
1568 3290 2018 3344 contestationem
2046 3289 2381 3355 judicialiter
2419 3297 2746 3357 opponatur.

774 3364 926 3415 Finis
966 3368 1066 3429 est,
1112 3368 1176 3414 ut
1219 3362 1284 3415 lis
1323 3364 1374 3415 in
1405 3363 1667 3429 judicium
1708 3361 1948 3415 deducta
1988 3361 2069 3413 vel
2114 3360 2410 3429 differatur,
2460 3361 2545 3414 vel
2586 3363 2945 3417 transferatur

577 3435 656 3488 vel
697 3436 750 3487 in
789 3440 962 3489 totuin
1002 3434 1314 3501 perimatur.

782 3559 1024 3624 Omnes
1074 3558 1490 3637 exceptiones
1522 3577 1596 3622 ex
1639 3557 1787 3633 jure
1820 3560 2039 3620 nostro
2088 3560 2235 3619 ante
2268 3554 2396 3620 litis
2432 3560 2960 3622 contestationem

576 3654 988 3730 apponuntur
1040 3642 1074 3727 (
1077 3638 1160 3711 B.
1203 3646 1306 3710 12.
1344 3646 1520 3711 Dist.
1553 3636 1678 3727 5.)‚
1738 3644 1889 3709 licet
1933 3642 2013 3707 de
2060 3644 2217 3708 Jure
2264 3644 2599 3710 Communi
2647 3646 2959 3725 quaedam

577 3740 747 3817 ante,
796 3735 1115 3816 quaedam
1167 3740 1312 3815 post
1359 3734 1590 3815 opponi
1637 3734 1901 3815 possint.

1161 3856 1501 3925 affirmando,
1541 3874 1636 3909 seu
1676 3857 1731 3910 id
1774 3856 1915 3925 quod
1965 3856 2019 3909 in
2050 3858 2313 3923 judicium
2355 3859 2642 3912 deductum
2684 3866 2782 3926 est,
2835 3876 2965 3912 con-

1267 3928 1494 4054 ἱῧθῃᾶοὲ
1524 3930 1584 3980 ln
1618 3945 1724 3996 quo
1764 3945 1895 3981 casu
1940 3928 2092 3982 locus
2144 3938 2225 3984 est
2268 3931 2703 3985 condemnationi
2738 3930 2828 3995 (B.
2866 3930 2959 3985 36.

1329 4001 1417 4053 ist.
1491 4006 1524 4068 )
2590 4004 2595 4009 ’
2780 4052 2785 4057 .

1158 4072 1426 4139 negando,
1466 4072 1520 4123 in
1560 4088 1663 4139 quo
1694 4086 1823 4123 casu
1852 4076 2003 4125 actor
2030 4073 2252 4139 probat;
2294 4074 2341 4125 ei
2369 4074 2505 4125 enim
2548 4074 2636 4142 qui
2668 4073 2812 4140 dicit,
2850 4090 2957 4127 non

1267 4144 1356 4211 qui
1384 4148 1562 4211 negat,
1590 4142 1851 4195 incumbit
1872 4143 2167 4196 necessitas
2194 4146 2461 4211 probandi
2487 4148 2516 4210 (
2518 4145 2578 4199 B.
2602 4144 2694 4198 37.
2718 4144 2861 4198 Dise.
2884 4143 2957 4212 1).

1158 4214 1504 4281 excipiend03
1546 4220 1600 4267 et
1649 4214 1701 4265 in
1742 4213 1844 4266 hoc
1882 4230 2011 4267 casu
2052 4216 2302 4281 probatio
2341 4216 2601 4270 incumbit
2650 4233 2757 4269 reo.
2791 4216 2958 4269 Sicuti

1265 4287 1404 4339 enim
1443 4291 1596 4339 actor
1634 4286 1867 4352 probare
1906 4291 2121 4339 tenetur
2170 4303 2319 4341 suam
2367 4288 2734 4355 intentionem,
2790 4288 2866 4341 ita
2904 4296 2959 4339 et

1261 4374 1384 4413 reus
1426 4373 1579 4411 suam
1617 4358 1987 4424 exceptionem
2026 4356 2124 4423 (A.
2153 4356 2244 4413 53.
2288 4356 2349 4413 B.
2388 4358 2472 4413 12.
2500 4360 2642 4414 Dist.
2671 4359 2757 4427 3.)
2808 4359 2955 4412 Reus

1263 4431 1402 4483 enim
1442 4428 1761 4496 excipiendo
1800 4428 1863 4481 fit
1900 4434 2067 4483 actor.

581 4110 959 4177 Respondemr
997 4109 1067 4162 ad

646 4180 883 4233 libellum
925 4180 1006 4233 vel
