3350 5050
1393 494 1477 549 De
1513 493 1813 552 maleficiis.
2733 495 2815 568 67

1898 622 2189 680 Peculatus

1031 697 1482 767 extraordinaria,
1509 697 1704 768 quibus
1724 697 1817 749 im·
1900 694 2350 764 Repetundarum

1104 771 1325 838 ponitur
1341 785 1519 837 poena
1541 785 1639 836 pro
1659 767 1818 822 modo
1904 768 2106 822 Seditio

1104 841 1285 895 delicti
1342 840 1567 894 arbitrio
1617 839 1820 908 judicis
1903 840 2201 894 Concussio

827 886 924 932 ³¹²²
1103 913 1208 980 (M.
1248 918 1299 970 4.
1337 913 1478 966 nist.
1517 914 1564 968 2.
1619 912 1695 968 M.
1737 915 1820 968 19.
1902 909 2304 966 praevaricatio

1104 985 1242 1039 Dist.
1273 990 1319 1042 1.
1357 982 1416 1038 Ρ.
1444 985 1572 1053 23.)
1613 984 1823 1038 Ηο111111
1905 981 2257 1037 stellionatus

1107 1056 1314 1124 species
1354 1061 1512 1110 sunt:
1904 1054 2204 1122 Abigeatus

1902 1124 2236 1180 Incendium.

988 1328 1114 1401 De
1152 1327 1465 1426 publicis
1515 1327 1789 1402 delictis
1841 1327 2258 1412 ordinariis,

806 1445 874 1494 et
922 1440 1214 1508 primum
1264 1439 1344 1494 de
1394 1441 1685 1494 crimine
1736 1440 1982 1494 laesae
2030 1438 2453 1506 Majestatis.

641 1579 897 1646 Crimen
926 1577 1145 1646 laesae
1163 1579 1525 1662 Majestatis
1555 1584 1656 1646 est
1686 1577 1863 1658 illud,
1900 1575 2067 1658 quod
2100 1581 2326 1642 contra
2355 1575 2821 1658 Imperatorem

445 1667 548 1732 vel
611 1666 1007 1750 republicam
1069 1673 1184 1734 aut
1250 1673 1488 1735 statum
1548 1667 1717 1732 illius
1772 1667 2149 1732 comittitur.
2225 1662 2363 1742 Quo
2422 1671 2680 1732 tenetur
2737 1667 2819 1733 de

445 1760 666 1823 nostro
706 1757 856 1838 Jure
902 1762 971 1821 et
1013 1755 1090 1838 is,
1127 1756 1304 1838 quus
1351 1774 1491 1838 ope,
1544 1755 1828 1836 consilio,
1878 1753 2024 1822 dolo
2071 1753 2259 1834 malo,
2309 1753 2618 1820 adversus
2649 1772 2819 1822 00111-

441 1861 695 1909 11111116111
753 1844 1284 1924 tranquillitatem
1365 1844 1605 1924 aliquid
1673 1841 1961 1923 molitur3
2044 1842 2271 1923 veluti,
2339 1843 2393 1907 si
2460 1842 2599 1922 quis
2667 1862 2817 1924 per-

445 1930 782 1998 duellionis
837 1950 988 1998 reus
1049 1938 1148 1998 est
1205 1939 1272 1998 et
1314 1936 1642 2014 procurat,
1706 1935 1777 1997 ut
1833 1929 2068 1997 armati
2122 1929 2409 1995 homines
2468 1948 2607 1996 cum
2672 1933 2819 1997 telis

442 2018 840 2102 lapidibusve
898 2021 962 2086 in
1008 2021 1172 2086 urbe
1217 2021 1345 2086 sint
1403 2019 1909 2098 conveniantque
1968 2018 2279 2083 adversus
2332 2018 2820 2099 rempublicam,

445 2115 513 2172 et
577 2108 811 2174 similia
868 2099 994 2190 (M.
1041 2099 1193 2190 27.)
1259 2107 1478 2174 Poena
1542 2106 1733 2190 hujus
1802 2107 2085 2172 criminis
2155 2105 2561 2170 amissionem
2629 2107 2799 2172 vitae

444 2195 654 2260 famae
701 2203 768 2262 et
812 2198 1120 2263 bonorum
1167 2197 1441 2262 sustinet
1483 2188 1522 2276 (
1521 2195 1607 2262 N.
1657 2194 1717 2260 3.
1769 2194 1914 2260 Jus.
1951 2195 2143 2260 Prov.
2193 2193 2279 2260 K.
2314 2191 2405 2260 30
2450 2201 2508 2258 et
2550 2193 2637 2260 K
2673 2157 2821 2276 41.)

641 2283 788 2350 Η110
830 2284 1114 2366 pertinet
1171 2289 1239 2350 et
1281 2282 1682 2366 blasphemia
1738 2283 1807 2347 in
1853 2283 2062 2348 Deum
2121 2299 2234 2346 seu
2298 2281 2538 2347 crimen
2608 2282 2825 2348 laesae

447 2371 806 2541 Majestaitis
852 2372 1146 2542 Dijinaa
1207 2372 1375 2452 quod
1431 2372 1694 2454 punitur
1754 2371 2155 2436 extractione
2211 2369 2469 2452 linguae
2514 2388 2635 2452 per
2681 2389 2818 2436 cer-

445 2460 644 2527 vicem
731 2461 821 2528 M.
869 2459 929 2527 2.

642 2550 741 2614 De
799 2550 840 2614 J
844 2567 960 2614 ure
1020 2548 1346 2614 Caesareo
1408 2549 1652 2613 crimen
1715 2546 1931 2613 laesae
1990 2546 2351 2627 Majestatis
2419 2546 2616 2612 etiam
2682 2550 2831 2629 post

445 2642 718 2702 mortem
761 2637 1128 2704 nocentium
1171 2636 1526 2701 instaurari
1569 2635 1671 2701 vel
1718 2633 2006 2701 inchoari
2051 2639 2283 2715 potest.

999 2869 1126 2942 De
1175 2868 1567 2952 adulteriis,
1621 2882 1861 2967 stupro
1916 2881 1979 2941 et
2026 2881 2263 2967 raptu.

642 3007 1044 3075 Adulterium
1115 3008 1348 3073 dicitur
1418 3008 1598 3086 quasi
1675 3008 1975 3073 transitio
2047 3008 2128 3073 ad
2210 3009 2480 3075 alterius
2550 3009 2824 3077 thorum.

451 3096 886 3163 committitur
927 3096 993 3161 in
1039 3101 1274 3176 nuptas
1319 3100 1386 3161 et
1426 3095 1695 3176 punitur
1741 3094 1951 3177 gladio
2000 3085 2127 3175 (M
2156 3096 2263 3164 29.
2264 3088 2327 3179 ).
2377 3097 2684 3180 Stuprum
2730 3104 2832 3165 est

447 3184 706 3251 illicitus
766 3183 972 3249 coitus
1031 3200 1175 3249 cum
1223 3184 1470 3265 virgine
1528 3184 1632 3249 vel
1675 3183 1869 3248 vidua
1922 3183 2193 3250 honeste
2240 3184 2531 3267 vivente;
2600 3191 2845 3266 estque.

450 3278 566 3339 aut
630 3271 1079 3367 voluntarium,
1147 3272 1320 3353 quod
1388 3270 1460 3338 fit
1517 3271 1771 3336 volente
1839 3272 2089 3353 virgine
2135 3273 2237 3338 vel
2280 3274 2475 3340 vidua
2540 3262 2669 3354 (M.
2717 3274 2823 3341 30.

449 3361 622 3427 Dist.
667 3360 796 3441 1.),
864 3363 977 3426 3111
1033 3359 1396 3439 violentum,
1447 3359 1700 3439 quando
1762 3360 2040 3441 virgines
2100 3360 2202 3427 vel
2260 3360 2491 3427 viduae
2536 3380 2654 3442 per
2700 3362 2827 3427 vim

451 3467 488 3514 0
535 3449 916 3530 primuntur.
996 3448 1083 3512 Et
1146 3446 1268 3513 hoc
1337 3446 1681 3527 aliquando
1749 3444 1949 3513 habet
2007 3449 2130 3515 sibi
2192 3468 2510 3515 annexum
2570 3454 2827 3531 raptum

487 3537 572 3603 N.
621 3536 725 3603 30.
777 3536 949 3601 Diat.
1002 3536 1062 3601 2.
1063 3526 1127 3617 ).
1188 3534 1412 3617 Stupri
1455 3534 1798 3601 voluntarii
1843 3554 2052 3619 poena
2098 3544 2200 3602 est
2243 3539 2571 3619 virgarum
2636 3539 2829 3603 casti-

448 3624 624 3706 gatio
671 3616 797 3704 (M.
833 3624 939 3691 30.
990 3622 1161 3690 Dist.
1213 3624 1270 3691 1.
1273 3618 1346 3705 );
1399 3623 1656 3688 violenti
1704 3630 1916 3688 autem
1964 3629 2065 3689 est
2111 3624 2452 3691 decollatio
2486 3630 2598 3689 aut
2642 3631 2827 3691 rotae

449 3713 789 3794 impositio,
860 3713 1243 3794 praesertim
1302 3711 1554 3792 quando
1600 3716 1750 3776 sunt
1795 3729 2113 3792 personae
2176 3710 2433 3779 viliores
2501 3704 2627 3794 (M.
2678 3704 2829 3795 34.)

644 3801 745 3865 De
789 3800 948 3865 Jure
995 3800 1314 3866 Caesareo
1364 3799 1467 3865 lex
1510 3798 1686 3864 Julia
1740 3799 1821 3865 de
1876 3800 2213 3867 adulteriis
2258 3819 2533 3881 poenam
2580 3803 2833 3883 irrogat

451 3888 945 3970 stupratoribus»,
1015 3888 1072 3953 si
1137 3888 1387 3953 honesti
1456 3892 1625 3967 sunt,
1687 3887 2183 3970 publicationem
2256 3890 2464 3971 partis
2530 3890 2832 3955 dimidiae

453 3976 796 4056 bonorum;
869 3976 925 4039 fi
984 3974 1275 4055 11111111163,
1344 3975 1637 4057 corporis
1701 3976 2155 4043 coercitionem
2210 3995 2351 4043 cum
2412 3976 2829 4059 relegatione.

449 4062 631 4142 Quod
664 4069 880 4129 tamen
925 4062 1238 4143 intellige,
1284 4082 1477 4144 quum
1509 4064 1649 4143 quis
1698 4064 1835 4129 sine
1870 4063 1935 4127 vi
1963 4063 2066 4129 vel
2100 4064 2411 4147 virginem
2444 4066 2545 4131 vel
2576 4065 2829 4130 viduam

449 4147 716 4219 honeste
761 4152 1082 4217 viventem
1127 4151 1554 4233 stupraverit3
1617 4169 1765 4215 nam
1815 4152 1867 4217 si
1928 4171 2051 4234 per
2095 4152 2249 4219 vim·
2292 4158 2520 4235 raptus
2565 4153 2833 4236 virginis

450 4239 552 4303 vel
589 4240 818 4305 viduae
849 4239 948 4304 vel
982 4239 1480 4305 sanctimonialis
1511 4237 1709 4303 fuerit
1753 4246 2189 4322 perpetratus,
2238 4246 2390 4307 tunc
2434 4244 2503 4307 et
2531 4248 2830 4323 raptores

453 4332 520 4391 et
561 4328 610 4392 ii
655 4328 763 4407 qui
810 4345 996 4408 opem
1026 4328 1173 4392 huic
1216 4326 1462 4407 flagitio
1495 4327 1837 4410 dederunt,
1870 4329 2081 4410 capite
2112 4331 2484 4411 puniuntur.
2532 4328 2837 4395 Nefarios

446 4414 617 4483 enim
662 4415 977 4497 eiusmodi
1010 4416 1212 4483 coitus
1257 4446 1344 4456 -
1389 4420 1462 4481 111
1503 4415 1713 4496 inquit
1749 4415 2117 4498 Imperator
2170 4448 2244 4461 -
2296 4418 2520 4501 poenis
2570 4417 2831 4499 corrigi,

447 4520 574 4569 11011
618 4504 922 4585 praemiis
968 4503 1272 4570 honorari
1318 4503 1634 4571 convenit.

2340 4628 2376 4672 ὓ
2406 4604 2433 4632 0
