3350 5050
1512 502 1698 559 Iudex.
1742 512 1748 517 '
2712 498 2801 569 83

421 678 432 687 .
2670 628 2799 697 Pag.

417 732 735 803 Appellatio
774 733 839 789 fit
881 731 1147 801 gradatim
1219 768 2129 789 ...........
2150 756 2155 763 ·
2209 766 2222 779 .
2296 744 2311 779 ·.
2386 766 2399 779 .
2565 744 2593 779 .·
2652 762 2665 778 .
2741 726 2812 779 59

415 826 734 896 Appellatio
777 845 885 897 quo
923 833 1166 895 tempore
1204 824 1302 879 fiat
1377 858 2305 879 ............
2376 854 2393 871 -.
2470 858 2483 871 .
2559 858 2571 870 .
2649 860 2662 873 .
2736 845 2805 853 —-

415 920 733 989 Appellatio
774 920 938 976 debet
971 918 1110 974 fieri.
1131 917 1374 973 modeste
1412 922 1467 969 et
1503 915 1641 973 citra
1677 911 1929 980 injuriam
1956 912 2166 979 judicis.
2199 950 2212 965 .
2287 932 2321 965 .’
2373 952 2385 964 .
2463 952 2477 965 .
2552 953 2563 963 .
2640 950 2683 981 ,Ι
2733 939 2797 947 —-

415 1013 801 1085 Appellatione
841 1013 1112 1081 pendente
1150 1009 1283 1065 nihil
1326 1008 1693 1064 innovandum
1728 1051 1763 1067 ,.
1821 1048 1865 1066 ,.
1941 1048 1956 1063 .
1996 1062 2001 1069 ,
2029 1042 2665 1060 ........
2678 1068 2681 1073 ,
2743 1034 2807 1042 -

413 1108 636 1178 Aquilia
673 1107 790 1175 lege
828 1106 920 1175 qui
958 1105 1304 1160 continentur
1403 1145 1417 1158 .
1494 1144 1506 1158 .
1580 1146 1592 1158 .
1667 1098 1682 1157 L
1757 1137 2657 1157 ...........
2732 1101 2802 1155 76

415 1201 600 1255 Arbor
635 1198 1122 1267 consanguinitatis
1162 1198 1292 1266 quid
1336 1203 1393 1250 et
1427 1194 1729 1266 quotuplex
1844 1227 2479 1251 ........
2528 1232 2569 1261 Ι.
2644 1230 2659 1244 .
2729 1194 2803 1248 49

367 1348 374 1355 ,
423 1293 652 1347 Arboris
691 1290 1180 1361 consanguinitatis
1221 1287 1517 1343 declaratio
1580 1325 2658 1344 .............
2732 1288 2802 1343 50

421 1389 704 1441 Arrestum
745 1383 896 1454 quid,
932 1389 990 1439 et
1021 1382 1165 1439 unde
1202 1382 1416 1437 dicatur
1485 1420 2656 1438 ..............
2730 1384 2793 1437 61

419 1481 702 1533 Arrestum
741 1478 994 1532 firmatur
1030 1478 1211 1547 spatio
1246 1493 1342 1532 sex
1380 1476 1801 1543 septimanarum
1841 1516 2653 1531 ..........
2732 1477 2801 1533 62

1457 1588 2179 1604 .........

421 1622 585 1693 Baro,
627 1587 792 1692 eques
831 1620 915 1675 vel
952 1621 1106 1690 ciuis,
1143 1588 1396 1677 occidens
1437 1620 1712 1675 subditum
1751 1618 1995 1689 alterius,
2031 1635 2138 1689 qua
2174 1635 2353 1688 poena
2392 1619 2654 1687 punitur.
2730 1623 2799 1679 72

423 1716 784 1786 Blasphemae
823 1729 1004 1782 poena
1047 1754 2652 1771 ...................
2726 1713 2796 1769 67

422 1852 756 1923 calphurnia
795 1852 986 1907 mulier
1024 1852 1110 1907 cui
1146 1850 1323 1905 edicto
1362 1866 1584 1905 causam
1622 1848 1773 1904 dedit
1855 1890 2660 1904 ..........
2740 1850 2805 1905 19

426 1947 590 2017 Capti
623 1948 692 2001 ab
727 1945 980 2001 hostibus
1019 1942 1224 1997 habent
1251 1941 1344 2009 jus
1382 1940 1701 2009 postliminii
1762 1982 2661 1997 ...........
2738 1942 2807 1997 14

427 2041 680 2097 Carcer'u
709 2037 900 2107 injusti
938 2050 1077 2105 quae
1116 2049 1295 2102 poena
1371 2052 1417 2090 ·.
1463 2054 1468 2059 ·
1495 2074 2657 2091 ..............
2734 2036 2803 2089 76

433 2132 678 2187 Casualis
715 2128 990 2191 homicida
1026 2144 1134 2182 non
1171 2126 1234 2181 fit
1268 2142 1394 2181 reus
1431 2126 1707 2181 homicidii
1765 2167 2661 2184 ...........
2736 2130 2805 2184 72

431 2226 629 2281 Citatio
670 2224 801 2294 quid
877 2259 2659 2281 .....................
2737 2220 2804 2275 1³

428 2317 626 2372 Citatio
664 2314 936 2385 quomodo
975 2316 1078 2371 flat
1139 2352 2301 2371 ..............
2374 2316 2392 2365 ·’.
2469 2353 2482 2366 .
2558 2354 2569 2366 .
2644 2353 2655 2366 .
2730 2340 2801 2351 --

425 2412 633 2466 Citatus
673 2407 914 2464 secundo
951 2410 998 2463 si
1035 2424 1146 2463 non
1183 2417 1432 2481 apparet,
1470 2410 1838 2463 incarceratur
1935 2447 2389 2462 ......
2436 2436 2478 2460 -.
2553 2447 2565 2459 .
2642 2447 2654 2459 .
2731 2434 2800 2443 -

423 2504 634 2560 Citatus
672 2503 890 2573 quando
929 2520 964 2560 a
999 2506 1348 2562 contumacia
1375 2503 1642 2562 liberatur
1756 2541 2651 2558 ...........
2728 2529 2795 2538 -

423 2582 873 2653 circumstantiae
909 2598 966 2650 in
1003 2597 1280 2652 maleficiis
1316 2595 1745 2654 considerandae
1852 2636 2215 2650 .....
2256 2589 2263 2596 ’
2289 2634 2653 2650 .....
2729 2593 2798 2650 64

423 2673 579 2746 Ciuis'
607 2691 902 2758 Pragensis
941 2709 1048 2747 non
1089 2691 1322 2746 satisdat
1357 2691 1426 2745 de
1461 2690 1717 2762 expensis
1760 2726 2650 2750 ...........
2725 2689 2789 2745 21

427 2785 757 2852 Comparitio
797 2784 946 2854 quid,
981 2791 1037 2838 et
1073 2801 1212 2854 quae
1249 2784 1392 2838 illius
1429 2782 1604 2838 forma
1665 2821 2653 2842 ............
2733 2785 2800 2839 14

425 2879 712 2934 Conclusio
751 2880 806 2934 in
845 2893 1013 2931 causa
1050 2877 1320 2946 quomodo
1359 2876 1456 2930 fiat
1576 2913 2655 2932 .............
2729 2875 2799 2932 56

428 2971 726 3025 Concussio
765 2971 894 3040 quid
958 3007 2653 3027 ....................
2730 2973 2800 3028 79

420 3062 768 3117 Conditiones
807 3063 1133 3117 matrimonii
1171 3079 1309 3131 quae
1365 3045 1369 3050 ’
1401 3099 1946 3117 .......
2018 3102 2035 3138 .-
2111 3101 2657 3116 .......
2730 3063 2799 3120 42

426 3155 719 3210 Confessus
758 3171 857 3222 pro
886 3154 1136 3222 judicato
1174 3154 1406 3210 habetur
1488 3193 2655 3210 ..............
2662 3165 2665 3170 “
2730 3155 2800 3216 28

429 3251 700 3318 Coniuges
740 3247 1009 3318 quomodo
1047 3249 1152 3304 sibi
1188 3249 1414 3304 invicem
1451 3234 1750 3302 succedant
1844 3287 2655 3304 ..........
2730 3252 2798 3307 37

426 3343 766 3399 Contrahens
787 3342 856 3396 de
877 3345 1154 3411 praesenti
1171 3361 1291 3398 cum
1320 3342 1534 3397 duabus
1554 3343 1875 3412 successive,
1896 3331 2101 3411 primae
2126 3333 2425 3396 adhaerere
2450 3347 2663 3396 tenetur
2732 3346 2803 3401 44

432 3437 782 3492 Contumacia
877 3475 2661 3492 .....................
2736 3435 2805 3493 ’14

435 3532 474 3584 C
477 3530 742 3586 onvicium
783 3571 1591 3587 ..........
1635 3517 1681 3585 ’.
1726 3519 1733 3524 ’
1758 3570 2663 3584 ...........
2739 3533 2807 3587 78

430 3623 646 3677 Crimen
683 3621 808 3677 falsi
847 3627 981 3691 quot
1016 3623 1191 3678 modis
1229 3624 1581 3678 committitur
1671 3663 2658 3679 ............
2738 3624 2808 3681 73

427 3715 640 3770 Crimen
677 3714 862 3770 laesae
899 3717 1208 3785 Majestatis
1246 3718 1376 3788 quid
1495 3758 2309 3775 ..........
2374 3705 2397 3773 ’.
2474 3760 2486 3773 .
2564 3761 2574 3773 .
2652 3760 2663 3771 .
2736 3721 2803 3778 67

429 3809 644 3864 Crimen
680 3810 1006 3877 partitorum
1043 3813 1282 3880 graviter
1319 3819 1404 3867 est
1439 3813 1773 3882 prohibitum
1848 3853 1861 3866 .
1939 3857 1949 3867 .
2026 3853 2040 3867 .
2116 3801 2147 3866 .'
2205 3853 2663 3867 ......
2737 3817 2807 3871 70

424 3902 489 3956 In
523 3903 896 3958 criminalibus
933 3905 1168 3973 qualiter
1203 3906 1534 3975 procedatur
1581 3948 2214 3965 ........
2248 3895 2251 3898 ’
2293 3949 2307 3962 .
2381 3911 2395 3963 .“
2470 3951 2483 3964 .
2560 3950 2571 3962 .
2647 3949 2661 3962 .
2736 3911 2807 3968 65

423 3999 489 4053 In
524 3999 897 4054 criminalibus
933 4005 1152 4068 oportet
1187 4015 1306 4054 esse
1345 4002 1695 4069 probationes
1735 4002 1881 4055 omni
1918 4001 2237 4069 exceptione
2274 4000 2505 4067 majores
2558 4043 2570 4055 .
2642 4044 2656 4058 .
2734 4005 2807 4060 64
2892 3993 2901 4009 ⁸

425 4093 661 4147 Curator
696 4092 762 4146 de
789 4093 916 4160 jure
954 4095 1223 4149 Caesareo
1262 4096 1350 4148 cui
1387 4095 1624 4150 dabatur
1665 4136 2571 4152 ...........
2640 4136 2656 4164 ,
2734 4099 2805 4153 49

427 4228 816 4281 Damnatorum
855 4228 999 4282 bona
1038 4228 1310 4296 pertinent
1349 4229 1418 4284 ad
1456 4246 1800 4285 successores
1842 4273 2657 4288 ..........
2734 4235 2803 4292 66

427 4322 690 4374 Damnum
731 4334 798 4373 ex
834 4319 953 4387 lege
991 4319 1212 4389 Aquilia
1247 4320 1394 4390 quid,
1433 4327 1489 4374 et
1525 4321 1794 4391 quomodo
1833 4323 2201 4377 committatur
2290 4366 2303 4379 .
2381 4365 2393 4378 .
2469 4365 2481 4378 .
2556 4305 2569 4376 ζ
2647 4366 2659 4377 .
2735 4327 2803 4381 76

427 4415 654 4468 Debitor
692 4411 972 4476 confessus
1011 4414 1275 4467 arrestari
1311 4419 1495 4481 potest
1579 4455 2660 4472 .............
2735 4421 2805 4476 62

425 4506 689 4560 Defensor
726 4506 944 4576 dicitur,
982 4508 1074 4576 qui
1109 4524 1210 4576 pro
1248 4524 1342 4563 reo
1381 4507 1625 4577 postulat
1666 4549 2661 4565 ............
2734 4514 2805 4569 18

2312 4603 2409 4669 ὅ*
