3350 5050
523 494 605 565 50
1308 492 1375 548 V.
1417 491 1755 562 ophthalmii
1791 491 2103 546 Processus.

718 631 976 698 Gradus
1005 637 1104 698 est
1132 629 1441 698 habitudo
1475 631 1576 697 vel
1604 629 2010 696 intervallum
2046 629 2418 696 distantium
2453 643 2897 710 personarum,

523 739 645 802 quo
695 721 1119 801 cognoscitur,
1169 726 1364 801 quota
1411 719 1771 801 agnationis
1806 717 1909 782 vel
1956 719 2358 800 cognationis
2390 717 2702 781 distantia
2732 714 2899 778 duae

524 826 840 891 personae
906 809 1076 874 inter
1145 827 1214 874 se
1275 809 1596 874 differunt.
1661 807 1912 873 Dicitur
1983 824 2021 869 a
2088 805 2500 871 similitudine
2564 804 2900 879 scalarum,

527 899 934 976 locarumque
963 897 1358 979 proclivium,
1395 915 1552 976 quos
1598 898 1690 961 ita
1736 895 1798 959 in
1848 893 2133 959 redimur
2180 913 2221 959 a
2260 893 2547 974 proximo
2594 894 2657 956 in
2688 888 2899 972 proxi-

523 1004 692 1050 mum
740 991 1146 1050 transeuntes
1191 976 1302 1062 (F.
1356 986 1455 1050 16.
1509 984 1678 1049 Diat.
1732 985 1788 1047 7.

721 1071 926 1137 Linea
969 1079 1071 1138 est
1129 1073 1419 1139 collectio
1469 1089 1889 1154 personarum
1936 1072 2016 1135 ab
2064 1070 2289 1136 eodem
2358 1068 2575 1149 stipite
2635 1068 2899 1131 descen·

526 1161 830 1240 dentium,
853 1161 1094 1248 gradus
1126 1162 1458 1226 continens
1484 1168 1550 1226 et
1584 1177 1883 1224 numeros
1924 1159 2323 1238 distinguens
2347 1151 2459 1236 (F.
2492 1157 2589 1220 16.
2618 1145 2906 1234 Diem.)

524 1250 768 1329 Estque
830 1249 1093 1330 triplex:
1155 1249 1656 1327 ascendentium,
1732 1246 2254 1312 descendentium
2318 1251 2387 1310 et
2448 1242 2904 1309 collateralium

523 1329 643 1419 (F.
689 1338 792 1412 16.
842 1336 1016 1402 Diet.
1063 1328 1166 1417 6.)
1213 1337 1729 1412 Ascendentium,
1780 1335 2034 1414 quando
2084 1351 2497 1399 numeramus
2546 1351 2584 1396 a
2646 1330 2774 1395 filio
2822 1330 2902 1393 ad

526 1431 798 1507 patrem,
849 1442 886 1488 a
930 1432 1115 1506 patre
1163 1425 1246 1489 ad
1293 1443 1499 1504 avum,
1549 1426 1628 1489 ab
1677 1442 1796 1488 avo
1845 1420 1929 1486 ad
1960 1441 2289 1503 proavum,
2338 1426 2405 1486 et
2450 1422 2540 1486 sic
2579 1419 2900 1498 deinceps.

529 1511 1090 1592 Descendentium,
1139 1514 1392 1592 quando
1439 1528 1917 1578 numeramusa
1948 1516 2131 1590 patre
2178 1511 2262 1574 ad
2308 1509 2527 1589 filium,
2578 1525 2616 1570 a
2644 1505 2773 1570 filio
2824 1505 2907 1570 ad

528 1604 847 1682 nepotem,
911 1618 952 1664 a
995 1605 1233 1681 nepote
1290 1602 1372 1665 ad
1419 1604 1859 1681 pronepotem.
1923 1597 2420 1677 Collateralium,
2489 1595 2742 1676 quando
2791 1613 2903 1658 uu-

529 1705 849 1752 meramus
894 1687 1132 1753 fratres
1180 1693 1246 1752 et
1291 1705 1565 1767 sororeS‚
1616 1691 1683 1751 et
1724 1692 1993 1751 ceteros
2041 1687 2131 1750 Et
2173 1683 2338 1752 haec
2369 1683 2797 1749 subdividitur
2842 1683 2904 1745 in

524 1778 757 1840 lineam
806 1775 1136 1856 aequalem
1171 1780 1239 1840 et
1265 1775 1685 1856 inaequalem.
1734 1773 2035 1854 Aequalis
2082 1774 2334 1854 dicitur,
2382 1772 2633 1854 quando
2671 1771 2908 1852 gradus

529 1881 733 1942 aeque
800 1863 1044 1927 distant
1112 1882 1151 1927 a
1221 1864 1537 1929 communi
1605 1863 1855 1943 stipite;
1929 1866 2001 1925 ut
2066 1861 2271 1926 frater
2338 1867 2406 1927 et
2476 1877 2680 1936 soror,
2751 1857 2906 1922 item

531 1951 858 2033 patrueles
924 1956 992 2016 et
1037 1952 1421 2031 consobrini,
1491 1969 1695 2030 aeque
1743 1950 1983 2014 distant
2049 1968 2087 2012 a
2136 1950 2451 2015 communi
2495 1948 2732 2028 stipite.
2803 1948 2907 2010 In—

414 2098 420 2104 .
532 2039 819 2120 aequalis
865 2045 982 2118 est,
1033 2039 1282 2118 quando
1341 2039 1658 2120 quaedam
1706 2055 1983 2119 persona
2037 2040 2371 2119 praecedit
2432 2037 2619 2100 aliam
2680 2035 2906 2114 gradu,

531 2133 602 2192 ut.
645 2132 918 2209 patruus
965 2131 1031 2190 et
1061 2145 1262 2208 nepos
1303 2146 1380 2192 ex
1411 2127 1632 2208 fratre,
1667 2125 1820 2190 item
1853 2127 2200 2190 avunculus
2230 2132 2298 2191 et
2327 2143 2523 2208 nepos
2556 2142 2635 2188 ex
2666 2140 2904 2187 sorore.

728 2215 802 2278 In
847 2214 1160 2295 gra-duum
1221 2215 1715 2297 computatione,
1764 2233 1907 2278 cum
1966 2214 2043 2278 de
2090 2215 2325 2294 nuptiis
2374 2211 2725 2294 quaeritur,
2776 2216 2907 2274 tres

526 2304 849 2368 tenendae
895 2308 1046 2368 sunt
1089 2303 1374 2383 regulae.

1497 2459 1546 2523 1.
1594 2455 1944 2538 Regula.
2074 2455 2089 2470 ⁸

733 2586 860 2653 Tot
904 2594 1054 2653 sunt
1100 2589 1361 2669 gradus,
1410 2593 1565 2668 quot
1609 2594 1759 2653 sunt
1803 2606 2141 2671 personae,
2191 2585 2664 2653 connumeratis
2710 2586 2907 2651 inter-

535 2674 784 2753 mediis,
833 2694 958 2740 una
1007 2676 1287 2758 dempta,
1339 2677 1636 2741 videlicet
1679 2676 1920 2757 stipite,
1986 2696 2026 2741 a
2072 2694 2194 2756 quo
2241 2676 2610 2757 supputatio
2661 2674 2909 2739 initium

531 2764 748 2827 habet.
805 2756 1018 2839 (Haec
1054 2765 1280 2845 regula
1311 2765 1508 2830 etiam
1555 2764 1759 2829 locum
1793 2764 1992 2829 habet
2037 2766 2097 2829 in
2132 2765 2365 2829 arbore
2413 2763 2581 2828 civili
2627 2764 2689 2826 in
2740 2761 2909 2826 omni

531 2851 720 2930 linea,
769 2856 900 2915 tam
949 2853 1200 2931 aequali
1259 2853 1838 2932 quamjnaequali,
1888 2854 1940 2917 si
1988 2853 2428 2917 successiones
2488 2855 2603 2915 aut
2656 2850 2912 2923 ,tutelae

531 2939 1062 3019 considerantur,
1113 2940 1270 3004 alias
1318 2946 1536 3005 autem
1581 2936 1761 3018 non.)

618 3048 1019 3131 Exemplum.
1418 3049 1787 3135 Philippus.

1425 3138 1912 3206 Perdinandua.

1424 3224 1931 3292 Maximilianus
1980 3223 2073 3291 ΙΙ.

1422 3312 1809 3398 Rudolphus
1858 3314 1949 3379 ΙΙ.

727 3425 944 3490 Distat
1011 3442 1165 3506 ergo
1211 3424 1584 3506 Rudolphus
1652 3425 1717 3489 in
1766 3426 1933 3492 linea
2001 3430 2183 3490 recta
2248 3445 2285 3491 a
2332 3424 2625 3505 Philippo
2700 3422 2911 3500 terti0‚

532 3531 573 3577 a
619 3512 1032 3578 Ferdinando
1083 3512 1380 3593 secundo,
1429 3521 1498 3578 et
1545 3532 1582 3577 a
1631 3512 2070 3580 Maximiliano
2118 3514 2323 3595 primo
2375 3514 2600 3595 gradu.

1492 3694 1574 3759 II.
1622 3692 1959 3774 Regula.

731 3824 937 3903 Quoto
987 3827 1193 3908 gradu
1241 3826 1448 3891 altera
1492 3842 1773 3905 persona
1820 3824 1882 3888 in
1932 3823 2100 3888 linea
2147 3820 2400 3903 aequali
2448 3819 2907 3888 collateralium

532 3913 731 3976 distat
777 3932 815 3977 a
860 3914 1175 3979 communi
1223 3914 1460 3995 stipite,
1509 3918 1646 3976 toto
1694 3912 1903 3992 gradu
1948 3912 2120 3976 inter
2166 3928 2237 3976 se
2285 3910 2547 3975 distant.

623 4022 1024 4103 Exemplum.
1534 4020 1911 4107 Philippus.

843 4111 1322 4178 Perdinandus.
1926 4110 2198 4175 Carolus
2249 4108 2536 4186 Quintus.

837 4199 1360 4265 Maximilianue.
1916 4198 2211 4283 Philipp.
2258 4220 2381 4261 rea:
2430 4195 2822 4280 Hispania-e.

727 4330 850 4396 Hic
909 4331 1380 4397 Maximilianus
1443 4331 1642 4395 distat
1703 4350 1741 4395 a
1808 4328 2028 4411 stipite
2090 4328 2371 4393 secundo
2446 4328 2684 4408 gradu;
2757 4344 2914 4405 ergo

537 4418 1006 4485 Maximilianus
1086 4427 1199 4485 aut
1265 4420 1597 4502 Philippus
1682 4438 1795 4483 rex
1868 4418 2219 4499 Hispaniae
2300 4416 2543 4481 distant
2608 4417 2779 4481 inter
2846 4434 2915 4480 se

522 4507 812 4572 secundo
857 4508 1086 4588 gradu.
