3350 5050
523 542 605 610 30
1315 541 1378 596 V.
1421 540 1763 610 Ophthalmii
1800 539 2108 594 Processus.

717 680 1123 744 Consuetudo
1187 680 1446 757 jurandi
1517 681 1689 761 apud
1751 697 1863 744 nos
1925 677 2071 742 talis
2127 683 2254 741 est?
2316 677 2602 744 Persona
2648 679 2905 745 subdita

525 785 640 832 seu
687 786 876 833 serva
944 767 1124 832 flexis
1169 769 1440 849 genibus
1510 774 1577 832 et
1632 766 1943 848 impositis
2001 767 2321 847 prioribus
2390 767 2609 846 digitis
2678 787 2903 832 manus

527 855 810 1022 dextra13
845 856 1023 936 signo
1074 858 1282 922 crucis
1331 856 1570 920 Christi
1609 857 1790 936 jurat
1859 845 2023 934 (Jue
2069 855 2261 919 Prov.
2314 854 2394 917 X.
2426 855 2533 920 28.
2584 863 2639 918 et
2684 855 2765 922 X.
2796 855 2901 920 31.

519 967 588 1008 'ln
676 967 768 1008 ne.

613 943 678 1032 fi
719 1031 1005 1096 Persona
1049 1032 1252 1097 libera
1296 1038 1362 1096 et
1409 1050 1571 1112 quae
1606 1033 1882 1096 civitatis
1921 1030 2067 1110 jure
2104 1031 2319 1106 utitur,
2372 1030 2600 1094 stando
2636 1031 2903 1098 sublatis

523 1119 770 1184 duobus
835 1119 1052 1286 d)igitis
1111 1121 1317 1184 Deum
1390 1127 1636 1184 testans
1685 1120 1865 1198 jurat
1932 1109 2029 1199 (J.
2070 1119 2177 1182 34.
2226 1120 2368 1183 Jaa
2422 1119 2615 1184 Prov.
2665 1119 2742 1184 X.
2790 1120 2900 1184 28.

520 1217 578 1271 et
623 1207 705 1272 X.
750 1207 855 1271 31.
2802 1263 2811 1270 .

721 1295 1080 1360 Formulam
1122 1297 1382 1375 jurandi
1432 1297 1575 1360 vide
1629 1297 1706 1359 B.
1754 1295 1855 1359 52.
1910 1296 2037 1360 Jas
2086 1295 2280 1361 Prov.
2332 1296 2405 1360 P.
2437 1295 2545 1360 33.
2595 1304 2651 1359 et
2682 1297 2757 1361 P.
2788 1297 2895 1361 34.

717 1384 1015 1471 Quisque,
1048 1390 1258 1449 autem
1301 1385 1526 1463 jurare
1576 1383 1771 1447 debet
1809 1384 1994 1462 juxta
2038 1383 2189 1447 illud
2224 1385 2592 1448 Hieremiae
2642 1403 2781 1464 cap.
2814 1383 2899 1449 4:

523 1472 609 1535 Et
646 1471 958 1551 jurabunt
991 1471 1283 1551 (inquit):
1336 1471 1488 1536 vivit
1521 1473 1865 1550 Dominus;
1912 1472 1971 1534 in
2011 1472 2303 1550 veritate,
2339 1471 2458 1536 hoc
2502 1477 2619 1549 est,
2672 1490 2896 1536 secun-

520 1559 668 1623 dum
717 1558 1169 1624 conscientiam
1213 1560 1298 1640 id,
1347 1559 1514 1640 quod
1566 1577 1785 1624 verum
1834 1567 1965 1638 est;
2023 1560 2085 1623 in
2126 1559 2388 1639 judicio,
2448 1560 2568 1623 hoc
2614 1566 2713 1623 est
2759 1581 2900 1625 cum

519 1647 1010 1726 deliberatione3
1061 1647 1205 1712 ideo
1239 1648 1456 1713 iuriosi
1479 1648 1706 1728 jurare
1739 1665 1863 1710 non
1894 1648 2388 1728 permittuntur;
2423 1655 2491 1711 et
2521 1649 2586 1711 in
2624 1647 2898 1728 justitia,

525 1735 820 1799 videlicet
863 1736 926 1798 id
977 1736 1144 1815 quod
1193 1737 1528 1800 honestum
1579 1740 1644 1799 et
1683 1735 1927 1814 justum
1964 1736 2301 1800 videbitur.
2354 1734 2420 1799 Si
2467 1737 2636 1799 enim
2675 1736 2903 1816 jnrans

523 1823 637 1888 hos
685 1829 816 1886 tres
871 1823 1224 1901 juramenti
1271 1825 1365 1887 sui
1431 1825 1696 1888 comites
1744 1842 1868 1887 non
1914 1823 2229 1900 habuerit,
2294 1823 2357 1886 in
2419 1840 2689 1903 poenam
2751 1842 2899 1904 per-

515 1911 688 1990 jurii,
735 1928 900 1990 quae
946 1917 1046 1976 est
1094 1912 1382 1992 capitalis
1430 1901 1534 1991 (ut
1577 1911 1803 1974 videre
1848 1911 1992 1975 licet
2037 1912 2114 1976 B.
2156 1912 2253 1976 75.
2291 1908 2469 1976 Dist.
2505 1906 2623 1988 1.),
2657 1913 2901 1976 incidit.

725 1997 794 2064 Si
851 2005 1000 2063 sunt
1056 2000 1271 2080 plures
1319 2006 1536 2080 testeS,
1601 2017 1819 2063 omnes
1872 1998 2321 2079 jusjurandum
2382 1999 2568 2064 simul
2631 2001 2907 2065 subeunt

524 2095 592 2150 et
639 2092 866 2166 postea
913 2087 1256 2168 sigillatim,
1323 2107 1464 2152 cum
1513 2107 1590 2152 ea
1638 2086 1972 2166 diligentia
2016 2104 2181 2166 quae
2246 2086 2409 2151 solet
2454 2106 2530 2151 ac
2587 2085 2784 2152 debet
2841 2090 2902 2150 in

524 2175 894 2255 receptione
926 2177 1184 2239 testium
1219 2176 1532 2254 adhiberi,
1569 2193 1687 2256 per
1734 2174 2071 2254 notarium,
2120 2175 2182 2237 in
2215 2176 2588 2255 praesentia
2632 2177 2902 2240 duorum

517 2262 878 2338 juratorum
926 2261 1049 2333 (uti
1093 2265 1158 2326 in
1207 2265 1497 2344 proxima
1543 2263 1783 2343 synodo
1832 2262 2158 2342 publicata
2214 2263 2317 2326 die
2366 2263 2429 2326 S.
2482 2262 2711 2327 Felicis
2758 2265 2904 2327 anni

525 2351 883 2430 praesentis
918 2345 1082 2415 1585
1115 2347 1425 2415 statutum
1455 2346 1582 2430 est)
1629 2351 1695 2415 in
1726 2356 1978 2414 secreto
2014 2351 2458 2414 examinantur
2512 2340 2675 2425 (Jus
2708 2352 2902 2415 Prov.

521 2437 596 2502 X.
647 2438 750 2502 28.
755 2429 812 2516 ).
865 2437 1052 2502 Prius
1099 2445 1314 2504 tamen
1364 2438 1774 2519 deponebant
1820 2444 2019 2502 testes
2066 2440 2129 2502 in
2179 2439 2374 2503 solius
2432 2441 2669 2503 notarii
2712 2458 2901 2520 prae-

523 2528 732 2591 seutia
778 2521 897 2607 (B.
946 2526 1049 2594 53.
1101 2528 1272 2592 Dist.
1328 2518 1428 2607 1.)

717 2614 966 2679 Notarii
1035 2618 1453 2696 praecipuum
1523 2633 1750 2680 munus
1818 2620 1937 2694 est,
2008 2621 2079 2679 ut
2144 2616 2401 2679 testium
2468 2615 2906 2696 depositiones

519 2704 907 2783 competenti
968 2704 1190 2768 ordine
1253 2705 1637 2785 conscribat,
1700 2703 1843 2768 loca
1901 2702 2294 2782 designando
2354 2708 2421 2767 et
2482 2710 2777 2784 tempora
2841 2711 2907 2767 et

519 2808 858 2957 Personam
906 2809 982 2855 ac
1015 2792 1170 2957 nihi)l
1201 2793 1319 2857 nisi
1351 2792 1672 2873 ipsissima
1704 2793 1962 2856 testium
1994 2791 2286 2855 formalia
2319 2790 2597 2855 fideliter
2642 2798 2911 2856 annotet

559 2880 638 2941 B.
687 2878 792 2943 53.
845 2879 1019 2943 Dist.
1066 2878 1129 2942 3.

717 2967 814 3030 De
847 2964 1004 3031 Jure
1039 2966 1368 3032 Communi
1416 2966 1624 3029 solent
1671 2964 1811 3031 fieri
1858 2967 2379 3047 interrogatoria,
2428 2986 2624 3048 super
2677 2966 2908 3047 quibus

519 3058 720 3119 testes
766 3056 848 3118 de
895 3055 1409 3135 circumstantiiS,
1475 3072 1556 3117 ne
1603 3057 1780 3119 locus
1825 3056 1910 3119 sit
1955 3054 2189 3134 fraudi,
2250 3056 2717 3119 examinantur.
2788 3053 2908 3118 Illa

519 3142 671 3207 licet
732 3142 878 3223 jure
919 3149 1138 3208 nostro
1211 3144 1478 3207 notariis
1525 3141 1833 3206 hactenus
1902 3142 2029 3207 sint
2074 3141 2420 3221 prohibita,
2484 3142 2760 3222 solisque
2802 3143 2903 3223 ju-

518 3230 767 3296 dicibus
813 3230 1174 3311 ordinariiS,
1234 3230 1483 3311 quoties
1544 3232 1895 3294 necessitas
1953 3230 2169 3311 exigit,
2241 3230 2417 3295 licita
2484 3221 2647 3310 (Jus
2710 3230 2905 3295 Prov.

518 3319 594 3403 R
640 3310 823 3399 32.).·
892 3326 1106 3384 tamen
1153 3318 1521 3400 supradicto
1569 3318 1811 3399 synodo
1878 3320 2332 3383 universaliter
2404 3319 2697 3383 videntur
2766 3336 2907 3383 esse

525 3425 845 3473 concessa.
912 3405 1074 3472 Sunt
1137 3414 1349 3472 autem
1410 3408 1687 3484 inventa,
1749 3408 1958 3486 primo
2005 3413 2274 3487 propter
2335 3407 2908 3487 deprehensionem

518 3495 838 3573 falsitatiS,
894 3494 1126 3559 deinde
1173 3495 1254 3557 ad
1287 3495 1773 3559 instructionem
1811 3494 2045 3574 judicis
2092 3496 2226 3558 sive
2265 3496 2637 3576 recipientis
2686 3501 2903 3560 testes

663 3656 670 3665 ,
717 3582 787 3648 Si
833 3585 1181 3663 contingat,
1233 3589 1304 3645 ut
1351 3583 1530 3646 citati
1561 3601 1677 3663 pro
1724 3581 1991 3647 ferendo
2042 3583 2406 3647 testimonio
2454 3588 2600 3663 post
2634 3582 2903 3663 primam

519 3672 886 3735 citationem
922 3688 1044 3735 non
1080 3677 1517 3751 compareant,
1580 3678 1733 3735 tunc
1764 3673 1814 3733 si
1849 3672 2019 3735 cives
2054 3688 2179 3734 non
2212 3679 2379 3752 sunt,
2429 3689 2631 3753 cyppo
2663 3669 2907 3735 forensi·

517 3752 637 3839 (B.
687 3751 864 3839 45.);
926 3760 980 3823 si
1030 3777 1182 3824 vero
1244 3765 1390 3823 sunt
1439 3761 1610 3823 cives
1669 3763 1737 3823 et
1782 3758 2062 3823 secundo
2124 3759 2305 3823 citati
2364 3777 2489 3823 non
2555 3760 2903 3840 deponunt,

519 3848 758 3912 mulcta
798 3848 875 3911 iis
935 3846 1178 3912 indicta
1225 3865 1343 3927 per
1390 3847 1678 3911 chartam
1725 3846 2013 3927 incisam,
2063 3847 2145 3910 ad
2194 3847 2561 3912 testandum
2624 3846 2903 3928 compel-

521 3935 742 3999 luntur
785 3926 906 4014 (B.
954 3937 1061 4000 47.
1111 3932 1286 4000 Diet.
1335 3937 1420 4016 4.,
1469 3935 1594 3999 .Ῑιι8
1642 3935 1839 3999 Prov.
1890 3936 1965 3998 P.
2013 3926 2115 4013 9.)

719 4055 898 4107 Causa
938 4052 1180 4105 efficiens
1217 4051 1359 4105 hanc
1399 4052 1773 4118 probationem
1812 4058 1895 4105 est
1933 4068 2080 4120 pam,
2118 4057 2286 4104 testes
2326 4050 2650 4118 producens,

721 4124 1029 4190 Subjcctum
1069 4131 1198 4176 sunt
1235 4124 1449 4175 testium
1491 4123 1876 4191 depositiones,
1916 4139 2053 4192 quae
2094 4124 2319 4176 veritate
2357 4124 2618 4192 nituntur,
2652 4129 2707 4177 et
2743 4124 2897 4189 ipsae

527 4212 794 4269 personae
834 4196 1066 4251 testium.

718 4266 1002 4333 Objectum
1041 4272 1125 4319 est
1161 4265 1520 4320 contradictio
1559 4264 1828 4333 negantis.

717 4340 932 4408 Forma,
959 4346 1021 4391 ut
1046 4344 1212 4391 testes
1239 4343 1365 4405 post
1390 4336 1500 4390 litis
1529 4338 1995 4405 contestationem,
2014 4337 2185 4402 jurati
2210 4342 2265 4391 et
2290 4336 2565 4403 sigillatim
2594 4336 2648 4389 iu
2678 4343 2905 4401 secrete,

519 4426 701 4465 coram
739 4411 950 4464 notario
989 4416 1045 4462 et
1081 4409 1294 4462 duabus
1335 4409 1580 4477 personis
1620 4408 1851 4476 publicis
1892 4409 2185 4477 deponant.

716 4482 869 4535 Finis
908 4489 1008 4549 est,
1045 4488 1107 4533 ut
1145 4496 1245 4548 per
1281 4481 1420 4534 lianc
1471 4481 1845 4547 probationem
1886 4481 2083 4534 veritas
2123 4496 2321 4534 causae
2364 4479 2537 4547 judici
2574 4480 2892 4533 innotescat.

719 4554 822 4623 Qui
862 4560 1027 4607 testes
1068 4568 1188 4606 esse
1227 4558 1513 4621 nequeant,
1551 4552 1796 4619 subjecta
1833 4551 2035 4606 tabella
2072 4552 2331 4607 declarat.
