3350 5050
513 484 599 556 26
1307 489 1372 544 V.
1412 488 1753 556 Ophthalmii
1788 489 2096 546 Processus.

713 628 788 692 V.
841 627 909 693 Si
980 629 1120 708 quis
1179 627 1284 709 jus
1354 647 1538 693 suum
1601 649 1678 693 ex
1739 630 2183 696 instrumentis
2245 631 2641 712 obligatoriis
2701 650 2740 696 a
2795 632 2898 698 die

520 715 820 783 solutioni
904 717 1311 798 praescripta
1378 718 1549 782 intra
1616 719 1962 782 triennium
2035 724 2102 783 et
2166 713 2246 782 18
2314 721 2707 798 septimanas
2774 739 2899 786 non

523 805 956 885 prosequitur,
1005 811 1139 870 tum
1185 806 1612 870 instrumenta
1658 805 1769 869 illa
1814 806 2341 887 praescribentur
2386 799 2497 886 (O.
2533 807 2636 872 24.
2641 803 2683 887 )

719 909 898 962 Causa
918 907 1156 962 efficiens
1175 911 1562 976 usucapionem
1583 927 1677 963 seu
1702 911 2183 978 praescriptionem
2206 912 2390 978 estjus
2412 911 2563 965 civile
2586 911 2905 966 Romanum.

720 980 1026 1046 subjectum
1069 986 1150 1032 cst
1187 981 1360 1034 bonae
1400 981 1524 1034 fidei
1569 998 1842 1051 possesor,
1898 983 1987 1049 qui
2026 982 2211 1050 elapso
2242 983 2379 1049 justi
2415 984 2669 1051 temporis
2708 985 2905 1052 spatio,

518 1060 627 1105 tam
661 1069 746 1106 res
777 1051 1303 1119 corporaleS,q11am
1333 1052 1723 1120 incorporaleS,
1761 1054 1986 1108 mobiles
2014 1069 2171 1122 quam
2212 1055 2525 1124 immobiles,
2564 1071 2703 1123 quae
2727 1061 2905 1108 tamen

521 1140 629 1176 non
675 1128 802 1176 sunt
840 1122 1166 1190 prohibitae,
1205 1123 1307 1176 sibi
1346 1125 1462 1191 ipse
1502 1125 1782 1192 acquirere
1821 1131 2016 1192 potest.

727 1195 1006 1260 Objectum
1029 1199 1114 1247 est
1133 1211 1218 1247 res
1240 1194 1362 1261 ipsa
1387 1196 1506 1264 soli,
1533 1209 1613 1248 vel
1644 1213 1779 1261 nou3
1810 1197 1934 1249 item
1961 1197 2103 1250 actio
2130 1204 2183 1250 et
2212 1197 2440 1252 servitus
2467 1196 2902 1265 praescribenda.

721 1267 920 1320 Forma
958 1273 1086 1319 sunt
1122 1267 1400 1336 requisita,
1439 1267 1506 1321 de
1533 1269 1728 1336 quibus
1772 1268 2024 1334 diximus,
2062 1274 2125 1320 ut
2157 1269 2415 1323 continua
2437 1269 2727 1336 possessio,
2766 1269 2911 1323 bona

529 1339 682 1408 fides,
712 1337 896 1404 justus
937 1337 1143 1404 titulus,
1183 1353 1268 1390 res
1307 1339 1757 1406 praescriptibilis
1795 1347 1850 1392 et
1887 1339 2125 1393 traditio.

725 1410 905 1462 Causa
941 1408 1119 1462 finalis
1157 1417 1240 1461 est
1279 1411 1498 1476 publica
1535 1411 1761 1478 utilitas,
1798 1426 1867 1464 ne
1904 1427 2082 1464 rerum
2123 1410 2359 1464 dominia
2394 1415 2577 1462 essent
2611 1409 2823 1462 incerta
2858 1415 2914 1462 et

525 1487 587 1534 ut
627 1479 920 1550 aliquando
961 1481 1084 1534 finis
1125 1481 1296 1534 litium
1342 1482 1650 1550 haberetur,
1690 1498 1824 1550 quas
1862 1499 1971 1536 non
2010 1481 2262 1536 convenit
2298 1497 2416 1534 esse
2450 1481 2793 1536 immortales.

1285 1664 1408 1758 De
1456 1661 1606 1735 litis
1655 1659 2165 1734 contestatione.

1462 1799 1796 1864 Titulus
1842 1800 1986 1865 XII.

729 1935 895 2012 Quia
941 1951 1047 2000 res
1094 1935 1157 2000 in
1184 1934 1492 2015 judicium
1527 1935 1806 2000 deducta
1836 1954 1961 2001 non
1997 1934 2269 2014 videtur,
2316 1935 2367 1998 si
2408 1938 2658 1998 tantum
2689 1939 2911 2016 postu-

533 2024 688 2087 latio
737 2023 1000 2104 simplex
1051 2023 1380 2088 celebrata
1437 2024 1534 2086 vel
1602 2023 1739 2088 sola
1798 2024 2064 2087 actionis
2110 2024 2360 2103 species
2414 2029 2562 2087 ante
2603 2022 2911 2102 judicium

531 2130 643 2178 reo
690 2111 775 2175 sit
820 2111 1074 2192 cognita
1123 2107 1325 2190 (inter
1367 2111 1546 2175 litem
1593 2113 1759 2176 enim
1812 2116 2237 2177 contestatam
2284 2117 2352 2176 et
2396 2111 2718 2176 actionem
2763 2130 2909 2192 per·

530 2200 796 2265 multum
841 2195 1185 2276 interest):
1250 2199 1394 2264 ideo
1445 2206 1590 2280 post
1637 2201 2133 2280 praeparatoria
2171 2199 2560 2279 judiciorum
2620 2217 2786 2263 nunc
2834 2199 2914 2264 de
2962 2263 2969 2270 ,

532 2286 995 2369 principalibus
1045 2287 1386 2352 videndum
1459 2294 1589 2366 est,
1661 2293 1729 2352 et
1786 2288 2061 2368 primum
2110 2288 2189 2351 de
2236 2286 2365 2351 litis
2428 2288 2913 2366 contestatione,

533 2393 696 2454 quae
757 2373 863 2455 fit,
927 2377 1180 2456 quando
1244 2377 1492 2441 directe
1539 2378 1621 2442 ad
1668 2375 1951 2440 libellum
2014 2376 2484 2440 accusatorium
2535 2375 2917 2441 affirmative

536 2464 632 2529 vel
683 2464 980 2545 negative
1027 2463 1479 2546 respondetur.

729 2554 889 2617 Litis
949 2554 1330 2618 contestatio
1405 2553 1556 2617 nihil
1620 2552 1789 2617 aliud
1853 2560 1975 2633 est,
2038 2572 2225 2633 quam
2282 2552 2419 2632 ejus
2477 2553 2594 2632 rei,
2660 2553 2739 2615 de
2792 2570 2921 2631 qua

533 2643 974 2810 gontrovoersia
1019 2648 1140 2721 est,
1126 2640 1362 2811 ‚)apu‹l
1404 2642 1685 2723 ,iudicem
1736 2662 1813 2707 ex
1862 2648 2135 2721 utraque
2183 2649 2371 2722 parte
2416 2641 2590 2706 facta
2636 2641 2922 2705 narratio

571 2734 627 2793 A
701 2732 786 2795 45
855 2730 1028 2795 Dist.
1081 2732 1137 2795 5.

734 2818 937 2895 Quum
1001 2819 1326 2883 accusatio
1374 2824 1442 2884 et
1486 2819 1566 2883 ad
1615 2837 1760 2883 eam
1826 2820 2153 2883 commode
2200 2819 2371 2883 facta
2416 2817 2747 2898 responsio
2794 2816 2925 2879 litis

539 2906 956 2988 primordium
1005 2900 1201 2987 (quod
1261 2911 1362 2971 est
1421 2907 1558 2987 ejus
1607 2900 2020 2985 contestatio)
2067 2907 2497 2984 introducant,
2552 2905 2751 2985 judex
2806 2921 2926 2984 per

539 2995 708 3060 hanc
758 2995 1198 3060 narrationem
1258 2996 1520 3073 negotii.
1558 3013 1819 3058 causam
1880 2994 2107 3059 audire
2154 2994 2395 3075 incipit.
2458 2995 2626 3058 Hinc
2684 2992 2923 3073 liquido

541 3086 826 3163 constat,
879 3084 1046 3162 quod
1105 3083 1358 3160 citati0‚
1423 3082 1801 3163 comparitio
1843 3087 1989 3163 etc„
2039 3082 2119 3147 de
2168 3084 2395 3163 quibus
2445 3082 2737 3161 diximus,
2800 3080 2927 3145 sint

544 3170 770 3235 saltem
819 3172 1314 3251 praeparatoria
1363 3170 1564 3235 litium
1613 3172 1678 3235 in
1718 3168 1960 3249 judicio
2006 3170 2528 3235 definiendarum.

744 3274 922 3326 Causa
961 3271 1202 3327 efficiens
1240 3272 1348 3325 litis
1388 3272 1831 3327 contestationem
1874 3278 1959 3323 est
1996 3278 2146 3324 actor
2186 3280 2239 3324 et
2277 3288 2417 3325 reus

745 3344 1052 3411 Subjectum
1092 3351 1176 3396 est
1214 3344 1456 3398 narratio
1497 3349 1552 3396 et
1589 3343 1946 3397 contradictio
1983 3344 2218 3411 partium
2258 3344 2312 3395 in
2344 3344 2469 3410 jure
2509 3342 2667 3398 facta.

740 3416 1022 3482 Objectum
1061 3422 1144 3469 est
1180 3417 1354 3483 ipsum
1386 3416 1478 3481 jus
1519 3415 1766 3483 partibus
1805 3421 2129 3481 competens,

745 3488 943 3541 Forma
981 3494 1078 3555 est,
1117 3494 1178 3539 ut
1213 3488 1311 3541 fiat
1349 3504 1530 3540 coram
1559 3486 1746 3569 ¹judice
1785 3486 2103 3539 affirmative
2144 3487 2223 3539 vel
2262 3487 2526 3553 negatum<³

737 3560 890 3612 Finis
931 3565 1029 3626 est,
1067 3566 1128 3612 ut
1167 3559 1355 3613 habito
1394 3559 1502 3611 litis
1552 3558 1721 3625 initio,
1778 3557 2004 3611 ulterius
2045 3559 2096 3610 in
2138 3575 2303 3612 (ausa
2350 3558 2693 3624 procedatur,
2732 3557 2814 3608 vel
2852 3555 2919 3651 ad

542 3631 880 3697 piobandum
919 3638 1110 3685 contra
1148 3648 1248 3698 neg
1252 3638 1446 3699 ·,1ntem
1485 3630 1568 3683 vel
1606 3630 1674 3683 ad
1716 3630 2179 3683 condemnandum
2219 3630 2592 3684 affirmantem.

856 3730 874 3796 ff
1263 3725 1600 3791 affiimative,
1641 3723 1856 3791 quando
1886 3740 2011 3775 rens
2040 3722 2273 3776 deducta
2313 3724 2367 3775 in
2400 3721 2581 3776 libello
2621 3722 2925 3785 confitetur,

1370 3801 1425 3848 et
1462 3802 1614 3849 actor
1652 3797 1720 3849 ab
1749 3796 1893 3847 omni
1918 3794 2186 3861 probandi
2213 3810 2375 3848 onere
2404 3794 2672 3847 relevatur
2723 3792 2812 3853 (B.
2841 3797 2925 3848 36.

1370 3868 1510 3920 Dist.
1551 3871 1598 3923 2.

1606 3870 1874 4005 )oxplicite
1897 3980 1910 4005 ,
2004 3935 2217 4004 quando
2326 3954 2458 4005 pure
2494 3952 2587 3989 seu
2615 3935 2929 4003 simpliciter

550 4014 642 4067 Lis
706 4030 832 4068 con·
927 4014 1162 4082 proprie,
1677 4010 1971 4076 respondet
1989 4009 2059 4060 ad
2087 4008 2254 4075 quod-
2396 4006 2686 4061 inficiando
2740 4012 2928 4060 contra

905 4124 915 4134 .
1150 4122 1160 4132 .
1281 4084 1545 4151 negative,
1684 4082 1763 4133 vis
1797 4079 2072 4143 sigillatim
2100 4086 2154 4131 et
2178 4078 2255 4130 di·
2395 4095 2452 4132 se
2492 4079 2674 4145 allata,

603 4127 836 4174 teStatur
902 4122 1062 4189 “ique
1110 4122 1185 4173 bb
1265 4156 1391 4209 dum
1429 4170 1549 4207 reus
1686 4158 1855 4218 serte3
1892 4152 2051 4219 idque
2076 4150 2138 4203 fit
2166 4155 2260 4201 aut
2324 4167 2443 4205 cum
2486 4150 2792 4206 conditione
2840 4164 2928 4201 ex-

602 4235 698 4282 aut
937 4229 1145 4283 fariam.
1263 4226 1442 4281 libello
1470 4242 1550 4279 re·
2398 4222 2665 4289 captionis
2700 4236 2930 4289 praepo-

1291 4300 1529 4352 luctatur
2401 4293 2553 4347 sitae.

1375 4369 1458 4423 vel
1629 4366 1917 4435 implicite,
1978 4364 2193 4434 quando
2253 4366 2417 4419 dicit:
2484 4362 2631 4431 Nego
2692 4369 2935 4430 narrata,

1692 4446 1857 4504 prout
1918 4444 2223 4491 narrantur.
2294 4435 2579 4504 Ejusmodi
2648 4435 2931 4503 responsio

1692 4508 1826 4562 nihil
1860 4510 2006 4577 ligat.
