3350 5050
618 472 747 540 256
1687 465 1958 520 Stranskii

616 605 1042 684 CunwaldiuS,
1090 623 1129 669 a
1160 603 1515 669 wladislao
1545 604 1727 684 Rege
1773 592 1956 683 (ann.
1996 597 2207 684 1471)
2242 602 2500 670 Samuel
2547 607 2628 672 de
2661 606 3004 673 Hradecco

620 692 1077 771 WaleczoviuS,
1124 711 1201 759 eo
1246 691 1425 772 fungi
1472 691 1617 756 olim
1664 699 1772 756 est
1801 691 2039 771 jussus,
2099 691 2281 770 Quod
2339 696 2412 756 ut
2465 693 2530 760 in
2593 713 2772 760 usum
2819 713 3002 762 revo-

620 789 885 848 caretur
943 786 1011 846 et
1071 781 1630 860 frequentaretur,
1691 797 2016 859 nunquam
2065 781 2282 845 Urbes
2340 783 2566 862 regiae
2622 783 3005 848 desinebant

618 878 867 952 optare.
943 869 1104 933 Nam
1154 869 1305 948 quia
1351 870 1757 950 experientia
1803 873 2162 949 temporum
2210 870 2616 946 superiorum
2664 871 3004 937 manifeste

618 959 923 1037 ostendit,
954 959 1242 1038 quamvis
1257 957 1499 1022 Civium
1528 973 1782 1037 quoque
1804 955 1982 1020 Ordo
2007 973 2162 1037 pars
2186 958 2354 1034 apud
2379 977 2494 1023 nos
2511 961 2594 1024 sit
2611 961 3002 1042 reipublicae

616 1053 683 1112 et
733 1063 921 1113 nemo
968 1051 1183 1110 tamen
1235 1064 1313 1109 ex
1358 1043 1479 1110 hoc
1508 1045 1756 1109 Ordine
1801 1045 1866 1108 in
1913 1046 2244 1110 consilinm
2296 1049 2542 1128 regium
2582 1048 3001 1129 allegebatur,

618 1136 853 1202 abusos
909 1151 1229 1216 persaepe
1288 1133 1411 1197 loci
1471 1151 1552 1198 ac
1610 1132 1894 1196 muneris
1933 1132 2302 1198 -eminentia
2361 1153 2440 1199 ex
2487 1136 2822 1202 nobilitate
2879 1155 3000 1200 non

616 1241 873 1306 paucos,
923 1222 1007 1288 ad
1053 1239 1275 1302 regem
1324 1220 1709 1296 civitatibuS,
1774 1238 1902 1284 non
1945 1221 2146 1286 solum
2193 1237 2425 1300 parum
2486 1242 2725 1304 aequos
2788 1223 3000 1302 fuisse,

618 1313 731 1376 sed
808 1317 876 1377 et
920 1302 1391 1386 (dissimulante
1438 1327 1573 1374 rem
1622 1307 2186 1388 Sub-camerario,
2251 1311 2361 1387 qui
2405 1329 2486 1376 ex
2533 1311 2874 1391 Equitibus
2932 1317 3004 1378 ut

620 1401 959 1481 plurimum
1030 1393 1203 1476 erat)
1270 1413 1723 1477 nonuunquam
1793 1395 2212 1462 vehementer
2285 1397 2824 1466 incommodasse:
2893 1419 3001 1465 ea-

619 1493 886 1570 propter
950 1485 1307 1552 credebant
1366 1503 1507 1550 cum
1562 1483 1956 1562 aequitatem
2009 1486 2236 1566 ipsam,
2305 1492 2442 1552 tum
2489 1505 2668 1552 suam
2715 1487 3003 1570 inprimis

617 1575 892 1641 salutem
940 1574 1311 1640 necessario
1358 1575 1746 1654 deposcere,
1811 1577 1882 1636 ut
1925 1573 1989 1637 in
2035 1575 2392 1639 sacratiore
2438 1573 2560 1642 hoc
2607 1576 3001 1655 consistorio,

617 1667 680 1730 in
714 1682 838 1744 quo
852 1663 993 1728 Rex
1026 1661 1405 1744 plerumque
1435 1679 1561 1726 non
1594 1660 1675 1724 de
1711 1659 2062 1727 nobilitatis
2093 1665 2362 1742 tantum,
2395 1663 2511 1728 sed
2545 1665 2624 1728 de
2661 1666 3000 1730 universae

616 1751 1013 1834 reipublicae
1057 1749 1255 1816 rebus
1302 1748 1848 1815 consilium·solet
1895 1766 2150 1829 capere,
2202 1751 2297 1815 vel
2342 1769 2538 1816 unum
2573 1753 2746 1818 hunc
2775 1771 2856 1818 ex
2885 1771 3000 1817 suo

616 1839 861 1904 Ordine
893 1837 1199 1917 habeant,
1248 1838 1358 1918 qui
1388 1837 1968 1902 deliberationibus
1998 1837 2270 1918 publicis
2305 1839 2556 1919 pariter
2589 1859 2735 1906 cum
2771 1839 2999 1908 nobili-

614 1933 748 1994 tate
795 1929 1109 1991 interesse
1158 1930 1226 1990 et
1270 1925 1354 1990 ad
1400 1925 1646 2004 Regem
1695 1925 1918 2004 libere,
1967 1924 2138 2005 quod
2185 1930 2253 1990 et
2300 1929 2550 2005 quoties
2595 1945 2758 2010 opus
2805 1935 2996 2009 esset,

614 2017 695 2081 de
770 2015 1115 2079 Civitatum
1192 2013 1402 2080 causis
1478 2013 1841 2093 querelisve
1918 2014 2167 2079 referre
2235 2013 2374 2094 ipse
2446 2023 2684 2097 posset.
2765 2015 2999 2082 Subest

615 2104 862 2168 muneri
892 2102 1039 2166 huic
1069 2102 1371 2180 vicariuS,
1420 2119 1607 2181 quem
1643 2105 1872 2166 vocant
1905 2098 2036 2165 Sub
2071 2100 2561 2168 camerariatus
2607 2103 2997 2186 praefectus,

613 2198 679 2257 et
724 2190 959 2256 Curiae
1006 2190 1347 2257 Civitatum
1402 2189 1673 2254 Praetor
1715 2187 1984 2266 aulicus,
2034 2187 2387 2269 Scribaque
2435 2191 2806 2258 Cameralis.

809 2278 919 2344 IV.
971 2279 1178 2357 Atque
1224 2276 1386 2341 haec
1432 2282 1581 2341 sunt
1608 2279 1990 2359 optimatum
2021 2295 2138 2342 seu
2169 2279 2522 2358 primorum
2554 2280 2766 2360 Regni
2795 2280 2994 2361 digni-

616 2369 767 2432 tatis
790 2366 1326 2431 honoratissimae
1349 2383 1636 2430 munera.
1685 2359 2032 2442 Κειμηλίοις
2063 2384 2258 2447 porro
2289 2366 2706 2448 reipublicae,
2751 2368 2870 2433 hoc
2901 2375 3001 2433 est

614 2455 940 2531 regalibus
986 2455 1381 2518 ornamentis
1420 2471 1497 2517 ac
1529 2453 1883 2536 privilegiis
1914 2455 2127 2535 gentis
2160 2453 2631 2536 custodiendia-
2669 2457 2998 2521 institutus

616 2550 716 2608 cst
789 2543 1447 2623 burggraviatns
1526 2540 2332 2609 Carolosteinensis.
2421 2544 2803 2624 Funguntur
2878 2545 2998 2611 hoc

616 2630 825 2697 officio
874 2649 1130 2712 semper
1172 2630 1522 2696 nobilitatis
1570 2636 1864 2695 vetustae
1911 2631 2034 2697 viri
2081 2631 2226 2710 duo,
2289 2631 2460 2695 Baro
2509 2651 2669 2699 unus
2717 2637 2785 2699 et
2831 2633 2998 2698 alter

616 2720 854 2799 EqueS,
904 2721 1007 2798 qui
1060 2718 1417 2783 arctissimo
1464 2719 1631 2782 sicut
1660 2718 1830 2798 Regi
1861 2717 2236 2798 Regnoque,
2283 2719 2374 2783 ita
2423 2727 2640 2785 mutuo
2672 2721 2794 2802 ipsi
2829 2720 2999 2786 inter

613 2826 685 2873 se
744 2808 1025 2873 devincti
1090 2811 1513 2885 sacramento,
1588 2826 1710 2871 non
1761 2805 1916 2870 alibi
1963 2823 2150 2886 quam
2196 2806 2372 2869 intra
2413 2809 2600 2889 regni
2644 2806 2806 2875 fines
2851 2828 2996 2875 esse

612 2900 961 2976 perpetuo,
1026 2894 1540 2974 domiciliumque
1596 2895 1840 2959 habere
1901 2898 2224 2958 tenentur.
2289 2893 2373 2959 Hi
2421 2896 2709 2976 quamvis
2752 2898 2998 2977 pariter

615 2984 1104 3063 obstringuntur
1150 2982 1340 3047 ambo
1388 2983 1473 3046 ad
1517 2981 2001 3063 providendum,
2063 3000 2144 3045 ne
2191 2982 2342 3060 quid
2391 3002 2504 3047 arx
2551 2984 3000 3051 Carolosteina

618 3070 717 3136 vel
764 3088 929 3151 qnae
975 3073 1039 3135 in
1086 3088 1167 3134 ea
1210 3077 1360 3135 sunt
1404 3070 1764 3151 recondita,
1811 3069 2178 3135 detrimenti
2227 3070 2520 3152 capiant,
2567 3073 2997 3138 emolumenta

618 3164 833 3224 tamen
879 3175 957 3223 ac
1000 3158 1248 3223 fructus
1294 3177 1373 3222 ex
1417 3158 1556 3236 ejus
1604 3157 1846 3223 ditione
1893 3163 2030 3222 tota
2091 3148 2344 3233 (dotata
2389 3158 2690 3224 videlicet
2733 3166 2836 3227 est
2879 3178 2996 3225 arx

614 3248 773 3313 baec
836 3244 1175 3326 magnifice
1236 3245 1390 3311 vicis
1456 3249 1523 3309 et
1582 3264 1742 3327 agro
1804 3246 1998 3310 multo
2061 3264 2204 3311 cum
2277 3268 2318 3313 a
2364 3246 2594 3313 Carolo
2650 3243 2995 3314 fundatore

614 3335 842 3417 primo,
904 3334 1038 3401 tum
1085 3334 1376 3415 inprimis
1424 3351 1465 3397 a
1511 3333 1806 3399 Wilelmo
1856 3332 2066 3399 Dubio
2114 3335 2195 3399 de
2243 3330 2782 3417 Trzebomyslicz)
2835 3352 2993 3401 non—

616 3422 738 3488 nisi
785 3423 865 3488 ab
913 3441 1058 3502 uno,
1110 3422 1425 3503 tantisper
1456 3421 1609 3486 dum
1642 3423 1724 3486 de
1754 3423 1886 3487 vita
1917 3421 2018 3485 vel
2062 3422 2387 3488 functione
2420 3423 2712 3503 decedat,
2747 3425 2992 3505 percipi

612 3530 691 3576 ex
739 3530 882 3577 asse
928 3511 1029 3574 lex
1070 3510 1275 3589 jubet.
1348 3508 1834 3576 Usnfructuario
1889 3509 2174 3590 collegae
2235 3515 2650 3592 praemortuo
2707 3510 2995 3577 succedit

618 3602 891 3679 demum,
939 3599 1191 3663 nemine
1240 3598 1740 3677 interturbante,
1789 3596 2034 3676 collega
2065 3604 2417 3681 superstes,
2465 3603 2534 3665 et
2563 3599 2880 3671 similiter.
2927 3606 2998 3665 ut

616 3688 938 3766 decessor,
987 3687 1195 3767 quoad
1244 3686 1416 3766 vivit,
1465 3686 1781 3752 reditibus
1827 3685 1950 3749 illis
1997 3686 2166 3752 solus
2213 3688 2468 3753 fruitur.
2521 3687 2590 3751 Si
2637 3704 2764 3767 qua
2795 3688 2995 3754 alter-

614 3774 819 3841 utrius
877 3774 975 3839 vel
1035 3776 1375 3853 utriusque
1444 3776 1633 3855 culpa
1695 3775 2018 3851 contingat
2083 3790 2298 3840 arcem
2367 3773 2538 3841 hosti
2602 3776 2669 3839 in
2739 3794 2996 3841 manum

615 3864 835 3927 venire
867 3864 967 3929 vel
999 3863 1298 3928 damnum
1326 3862 1582 3942 aliquod
1606 3861 2002 3943 reipublicae
2027 3863 2281 3929 noxium
2307 3864 2624 3946 accipere,
2669 3865 2997 3931 convictus

615 3952 697 4017 de
732 3950 939 4032 culpa,
975 3952 1108 4016 sive
1139 3952 1459 4016 alteruter
1489 3952 1622 4015 sive
1654 3956 1926 4029 uterque
1960 3950 2190 4032 capitis
2218 3950 2555 4032 famaeque
2585 3955 2656 4016 et
2684 3952 2996 4017 bonorum

615 4038 957 4105 amissione
1005 4056 1247 4120 poenas
1294 4038 1413 4103 luit
1448 4033 1517 4118 ¹).

812 4128 1288 4210 cognoscendis
1358 4144 1512 4191 vero
1576 4127 1796 4191 litibus
1851 4132 1982 4193 tam
2047 4128 2336 4197 civilibus
2397 4145 2585 4208 quam
2647 4129 2996 4194 criminali-

617 4216 754 4293 buS,
824 4216 1085 4297 jurique
1159 4214 1435 4281 dicundo
1504 4214 1688 4279 sedet
1756 4233 1874 4296 pro
1943 4216 2248 4282 tribunali
2314 4218 2499 4284 statis
2566 4216 2794 4283 diebus
2861 4222 2994 4283 tum

615 4301 824 4382 Major
898 4309 1031 4369 tum
1108 4303 1317 4368 Minor
1389 4302 2164 4383 Regni-Senatus
2236 4295 2312 4385 ¹),
2387 4305 2469 4371 de
2547 4322 2671 4385 quo
2743 4306 2998 4387 plenius

816 4496 862 4563 ¹)
896 4494 997 4549 Jus
1039 4494 1286 4551 Provinc.
1326 4496 1393 4553 A.
1416 4496 1504 4565 45,
1541 4493 1606 4552 Β.
1631 4500 1684 4566 s,
1711 4496 1985 4567 9,15,19.
2061 4498 2112 4569 τ)
2148 4500 2250 4553 Jus
2286 4498 2532 4555 provinc.
2575 4500 2646 4557 A.
2680 4500 2770 4557 ss.
2805 4498 2872 4554 L.
2909 4500 3001 4557 oo.
