3350 5050
1082 452 1414 522 Respublica
1451 450 1697 523 Bojema.
1734 452 1870 521 Cap.
1907 450 2002 507 XI.
2601 453 2733 523 239

351 591 665 675 plerique,
705 583 966 657 colonos
995 608 1162 671 suos,
1211 596 1438 671 erepta
1467 590 1546 655 iis
1576 590 1833 670 penitus
1862 588 2029 653 omni
2064 589 2370 669 querelae
2406 589 2731 669 facultate,

319 749 328 761 ,
352 681 763 746 acerbissimo
787 681 1114 745 dominatu
1141 678 1498 759 asperrime
1521 694 1600 743 ac
1624 680 2013 757 impotenter
2028 677 2353 757 divexare,
2378 678 2733 743 immodicis

351 770 900 851 praestationibus
957 767 1396 834 exorbitanter
1451 784 1747 847 gravare,
1808 764 2336 845 inhumaniusque
2399 786 2524 833 non
2582 784 2736 831 raro

355 875 540 937 quam
599 857 888 937 iumenta
948 861 1232 922 tractare
1299 854 1460 919 nihil
1528 855 1713 935 pensi
1782 853 2059 918 habent:
2126 854 2189 917 id
2246 854 2503 919 hercle!
2576 863 2643 920 et
2696 874 2735 919 a

352 944 719 1025 Nezamysli
787 951 1000 1009 mente
1075 952 1144 1008 et
1210 960 1250 1006 a
1307 960 1486 1009 more
1547 944 1761 1023 prisco
1830 946 1899 1006 et
1958 942 2039 1006 ab
2108 940 2503 1009 humanitate
2564 945 2733 1008 omni

355 1033 856 1110 alienissimum,-
909 1032 1276 1107 barbarum,
1365 1028 1622 1111 publice
1712 1028 2129 1110 pernitiosum
2222 1048 2301 1094 ac
2386 1038 2737 1113 propterea

351 1121 602 1201 legibus
633 1120 1062 1185 coercendum
1089 1125 1158 1185 et
1186 1118 1268 1185 ad
1297 1118 1803 1207 moderationem
1830 1117 2269 1196 benigniorem
2295 1120 2731 1185 reducendum

353 1210 588 1273 merito
637 1212 756 1273 est.
821 1207 922 1273 Sic
981 1208 1134 1286 quia
1190 1201 1258 1265 τὸ
1305 1200 1687 1283 καπηλεύειν,
1734 1207 2199 1285 cauponatione
2244 1207 2463 1273 vivere
2482 1258 2499 1287 ,
2553 1208 2731 1273 lucro

354 1297 778 1377 quaestnique
828 1295 1108 1375 inhiare,
1172 1295 1340 1361 sicut
1397 1299 1660 1375 recepto
1724 1292 1895 1375 apud
1953 1293 2193 1359 vicinas
2256 1302 2483 1375 gentes
2558 1314 2735 1361 more

353 1384 750 1465 legibusque,
799 1383 1122 1448 nobilitati
1160 1383 1576 1449 interdictum
1613 1376 1626 1409 ¹
1644 1384 1692 1458 ),
1740 1382 1835 1447 ita
1880 1380 2037 1445 viris
2082 1384 2343 1461 generis
2388 1384 2735 1465 splendore

355 1469 886 1536 antecellentibus
931 1471 1302 1536 indecorum
1352 1477 1420 1535 et
1463 1469 1781 1535 illiberale
1830 1486 1975 1534 esse
2006 1470 2380 1535 videbatur:
2428 1472 2575 1537 ideo
2606 1491 2731 1537 nen

355 1558 546 1624 modo
591 1564 948 1638 magnateS,
1023 1577 1238 1624 verum
1289 1565 1355 1623 et
1399 1557 1701 1623 nobilitas
1745 1558 1949 1622 omnis
2010 1556 2095 1621 ab
2151 1557 2214 1622 id
2262 1576 2465 1637 genus
2510 1560 2736 1625 studiis

355 1664 624 1729 prorsus
669 1653 770 1711 est
799 1651 1069 1726 remota,
1117 1664 1194 1711 ac
1225 1646 1547 1711 institoria
1577 1662 1997 1725 quaecunque
2028 1646 2271 1711 civibus
2302 1647 2459 1712 solis
2485 1648 2734 1713 relicta.

356 1735 458 1800 Ex
504 1734 646 1815 agri
693 1734 946 1815 quidem
993 1733 1456 1815 hortorumque
1501 1731 1763 1799 cultura
1803 1734 1903 1798 rei
1946 1732 2279 1799 familiaris
2334 1737 2737 1801 accessiones

355 1822 594 1897 facere,
644 1822 872 1887 Ordini
919 1822 1075 1888 nulli
1111 1821 1256 1903 lege
1287 1822 1879 1893 est-interdictum:
1930 1823 2042 1886 sed
2076 1829 2533 1903 praeterquam
2566 1825 2737 1904 quod

355 1910 711 1975 nobilitatis
757 1928 920 1990 ager
962 1911 1244 1995 zpupnyss
1301 1912 1532 1975 civium
1589 1926 1745 1974 vero
1806 1900 2061 1989 (loquor
2106 1910 2187 1973 de
2236 1912 2549 1992 personis,
2610 1932 2735 1978 non

357 2000 442 2065 de
487 1994 1073 2077 communitatibus)
1129 1998 1322 2083 §osny
1365 1998 1506 2063 fere
1553 2003 1672 2071 est,
1724 1998 2093 2062 indecorum
2140 2014 2216 2061 ac
2264 1998 2430 2064 infra
2474 2001 2739 2066 Ordinis

358 2094 652 2152 naturam
717 2086 1135 2165 existimatur,
1208 2088 1263 2150 si
1311 2104 1390 2152 ex
1435 2085 1773 2151 nobilitate
1820 2086 1965 2164 quis
2010 2086 2263 2151 rusticis
2308 2088 2375 2151 id
2424 2106 2627 2167 genus
2672 2090 2736 2153 in

357 2176 611 2241 cultura
657 2175 783 2239 ista
827 2175 1208 2239 necessariis
1257 2174 1472 2255 operis
1517 2192 1586 2237 se
1633 2173 1949 2252 defatiget
1988 2173 2144 2254 ipse.
2201 2174 2423 2240 Oculis
2468 2178 2737 2257 quisque

359 2280 500 2329 eam
571 2263 636 2326 in
703 2280 927 2327 curam
973 2262 1264 2343 vigilam,
1335 2262 1547 2327 vernis
1608 2263 1743 2326 suis
1788 2261 1888 2326 vel
1942 2260 2185 2326 colonis
2252 2280 2328 2327 ac
2356 2280 2361 2297 ²
2388 2266 2738 2330 meritoriis

358 2369 518 2432 opus
562 2349 682 2414 boc
727 2351 1024 2431 imperat.
1075 2348 1182 2415 Sic
1213 2348 1384 2433 apud
1419 2357 1695 2427 veter-ee,
1730 2348 1952 2413 hortos
1998 2351 2239 2415 sevisse
2282 2349 2489 2430 Cyrus
2523 2346 2596 2432 ²),
2644 2355 2735 2417 sic

357 2439 614 2503 Attalus
633 2436 1006 2518 Hieronque
1037 2430 1106 2517 ³),
1134 2440 1226 2503 sic
1243 2438 1674 2505 Romanorum
1707 2438 2139 2503 nobilissimus
2170 2438 2439 2518 quisque
2468 2432 2517 2513 ⁸)
2544 2458 2737 2521 agros

357 2526 726 2592 exercuisse
772 2525 1090 2604 leguntur.

555 2615 630 2679 V.
703 2614 1014 2680 Ordinum
1075 2617 1204 2680 ista
1274 2615 1602 2680 distinctio
1664 2615 1841 2696 leges
1886 2632 2141 2696 quoque
2188 2616 2401 2696 gentis
2448 2616 2737 2681 diversas

351 2702 486 2782 jam
535 2703 682 2768 olim
732 2703 1004 2784 peperit.
1071 2703 1168 2768 De
1213 2702 1412 2781 Regis
1470 2720 1735 2768 assensu
1794 2721 1945 2768 suas
2002 2703 2125 2768 sibi
2169 2703 2425 2784 rogavit
2478 2721 2553 2768 ac
2600 2703 2739 2769 fixit

355 2790 534 2872 leges
579 2797 648 2856 et
683 2791 838 2870 jura
879 2789 1218 2870 Nobilitas,
1265 2809 1416 2856 suas
1449 2789 1761 2856 Civitates
1781 2782 1872 2869 5);
1919 2797 2358 2872 teganturque
2403 2792 2733 2872 hactenuS,

357 2885 430 2944 ut
475 2878 596 2944 bae
645 2879 810 2958 suiS,
861 2880 953 2944 ita
997 2879 1108 2943 illa
1155 2897 1406 2960 quoque
1453 2879 1616 2959 suis,
1682 2887 1751 2944 et
1797 2885 1898 2944 est
1944 2881 2231 2959 utrisque
2276 2879 2571 2959 liberum,
2618 2898 2737 2962 pro

357 2985 430 3032 re
479 2972 666 3046 nata,
729 2967 1375 3046 Regequeconscio,
1437 2968 1520 3032 de
1569 2967 1897 3033 voluntate
1954 2985 2031 3032 ac
2078 2985 2392 3032 consensu
2455 2967 2735 3048 publico,

355 3053 628 3134 legibus,
677 3055 846 3136 quod
877 3073 1036 3136 opus
1070 3055 1382 3134 videatur,
1433 3055 1532 3120 vel
1564 3056 1811 3120 addere
1854 3055 1953 3120 vel
1985 3055 2331 3121 detrahere
2364 3048 2433 3135 ⁸).
2482 3057 2733 3122 Abhor-

356 3145 490 3207 ruit
536 3143 836 3208 videlicet
891 3160 1052 3224 gens
1113 3142 1278 3208 haec
1335 3161 1594 3226 semper
1653 3163 1697 3207 a
1734 3142 1883 3228 jure
1942 3145 2005 3208 in
2064 3145 2413 3210 Germania
2478 3146 2735 3223 usitato,

359 3249 481 3295 nec
527 3231 590 3295 ei
636 3249 704 3295 se
751 3247 1032 3310 unquam
1081 3231 1276 3295 voluit
1319 3231 1698 3296 submittere
1738 3229 1805 3312 ²).
1872 3231 1993 3296 ‚Ius
2040 3232 2209 3312 quod
2256 3231 2589 3298 Nobilitati
2637 3238 2740 3296 est

356 3318 687 3399 scriptum,
735 3318 1078 3384 Ten-estre
1111 3320 1324 3384 verius
1351 3335 1542 3398 quam
1569 3319 1989 3398 Provinciale,
2021 3321 2189 3401 quod
2216 3320 2479 3400 civibuS,
2527 3320 2736 3386 Muni-

357 3405 583 3488 cipale,
661 3405 896 3471 Roiva
973 3406 1266 3486 kaot,
1343 3406 1574 3472 Ρνάυα
1649 3407 1959 3488 Maerebat,
2038 3413 2321 3473 vocatur.
2402 3409 2501 3475 Ob
2567 3408 2737 3488 juris

359 3495 802 3560 diversitatem
850 3495 1058 3574 istam,
1110 3511 1292 3560 suum
1324 3494 1526 3559 habet
1558 3494 1766 3563 forum
1792 3495 2130 3574 Nobilium,
2176 3513 2357 3560 suum
2406 3496 2735 3560 Civitates

359 3581 562 3660 Quam
609 3583 742 3648 late
788 3589 1003 3648 autem
1053 3599 1192 3648 cum
1241 3583 1650 3665 provincialis
1708 3591 1841 3650 tum
1900 3585 2301 3665 municipalis
2358 3585 2595 3649 codicis
2640 3585 2735 3649 vis

360 3687 504 3735 sese
559 3672 918 3750 extendat,-
961 3677 1028 3735 et
1073 3671 1302 3751 quibus
1349 3671 1414 3735 in
1463 3673 1701 3752 causis,
1761 3673 1925 3737 sicut
1988 3672 2285 3737 civitates
2343 3671 2735 3752 provinciali,

359 3759 450 3824 ita
513 3758 814 3824 nobilitas
883 3759 1252 3840 municipali
1316 3757 1466 3838 jure
1533 3759 1835 3840 alligetur
1905 3751 2313 3829 (altercatum
2384 3762 2551 3826 enim
2616 3761 2737 3824 hac

359 3864 612 3926 quoque
657 3847 738 3911 de
783 3864 858 3911 re
904 3849 1265 3927 perniciose
1313 3847 1550 3928 diuque
1581 3848 1733 3914 olim
1766 3843 1913 3928 fuit)
1960 3849 2167 3929 pactis
2198 3847 2733 3913 Swato-Wacsla-

359 3935 560 4000 vianis
591 3923 774 4012 (ann.
815 3925 1026 4014 1517)
1059 3934 1300 4000 diserte
1333 3941 1433 3999 est
1463 3942 1738 4003 cautum.
1773 3937 2037 4002 Interea
2067 3955 2219 4001 vero
2257 3935 2435 4001 Ordo
2468 3937 2735 4016 quisque

357 4021 530 4088 inter
573 4039 644 4086 se
691 4023 820 4087 suis
879 4021 1075 4088 etiam
1135 4029 1398 4091 tenetur
1453 4023 1783 4091 institutis,
1832 4026 2033 4103 Quem
2094 4025 2383 4088 Barones
2428 4025 2597 4089 inter
2642 4043 2735 4102 se,

357 4125 544 4190 quem
593 4111 886 4190 EquiteS,
933 4117 1064 4175 tam
1113 4111 1344 4178 Ordini
1392 4113 1660 4192 quisque
1718 4130 1833 4178 suo
1880 4113 2016 4190 toti,
2083 4131 2275 4192 quam
2322 4112 2733 4197 singulorum,

555 4331 602 4398 ¹)
644 4329 776 4388 Cod.
800 4331 919 4386 Lib.
948 4336 1000 4400 4,
1039 4333 1120 4387 tit.
1147 4333 1234 4400 63,
1271 4329 1305 4386 l.
1333 4335 1383 4389 3.
1458 4329 1509 4394 ²)
1548 4329 1801 4398 Xenoph.
1830 4332 1883 4386 in
1916 4333 2113 4387 Oecon.
2190 4333 2240 4398 ⁸)
2280 4329 2456 4386 Varro
2486 4337 2534 4389 1.
2572 4329 2639 4384 de
2676 4347 2735 4386 rc

355 4401 580 4470 rustica,
617 4418 740 4470 cap.
782 4408 830 4460 1.
903 4399 954 4468 ⁸)
994 4404 1164 4458 Cicer.
1201 4403 1256 4456 in
1293 4403 1412 4456 Cat.
1445 4403 1576 4471 Maj.
1651 4401 1703 4470 ⁵)
1742 4404 1819 4461 M.
1846 4403 2055 4458 Daniel.
2081 4404 2303 4460 Ualend.
2343 4403 2413 4458 ad
2442 4403 2507 4458 V.
2540 4405 2734 4458 Octoh.

356 4471 410 4538 ⁸)
448 4473 550 4526 Jus
589 4473 836 4530 Provinc.
873 4473 936 4531 Z.
970 4479 1006 4532 4
1043 4483 1098 4528 et
1132 4477 1234 4530 Jus
1273 4475 1534 4542 Municip.
1571 4474 1638 4529 T.
1675 4478 1763 4532 13.
1834 4475 1884 4543 ²)
1923 4476 2115 4530 Comit.
2155 4491 2283 4530 ami.
2322 4478 2477 4534 1557.
