3350 5050
1389 475 1472 530 De
1509 474 1801 544 maleficiis
2719 479 2805 549 79

612 617 761 684 Huc
804 615 965 682 illud-
1009 573 1304 684 Catonis:

713 727 894 808 Quod
940 733 1096 810 potu
1141 745 1388 809 peccas,
1435 728 1771 808 ignoscere
1818 733 1888 792 tu
1938 727 2053 792 tibi
2100 726 2245 804 noli,

707 815 874 882 Nam
921 815 1162 881 nullum
1209 818 1448 883 crimen
1483 817 1612 880 vini
1655 822 1777 890 est,
1824 816 1937 880 sed
1986 814 2176 896 culpa
2222 815 2519 881 bibentis

615 926 736 1006 Qui
789 929 1011 1009 itaque
1059 926 1195 992 vult
1239 926 1434 992 vitam
1479 945 1660 992 suam
1704 927 1973 1008 diligere
2020 933 2087 992 et
2132 926 2356 992 videre
2404 927 2541 992 dies
2584 927 2784 992 bonos

418 1021 723 1080 coerceat
764 1015 1006 1096 liguam
1052 1033 1232 1082 suam
1266 1033 1304 1078 a
1351 1015 1516 1080 malo
1567 1021 1633 1082 et
1678 1015 1853 1082 labia
1898 1034 2015 1080 sua
2046 1033 2127 1080 ne
2174 1015 2524 1096 loquantur·
2568 1015 2803 1096 dolum,

419 1109 691 1184 quaerat
734 1121 960 1185 pacem
1023 1111 1091 1169 et
1134 1109 1566 1184 persequatur
1626 1122 1790 1169 eam.
1855 1104 2002 1168 Huc
2045 1103 2204 1169 illud
2253 1106 2507 1168 tritum:
2564 1105 2801 1184 „Diffa-

421 1209 604 1257 mare
651 1210 830 1271 cave,
877 1211 1024 1256 nam
1071 1207 1378 1258 revocare
1423 1182 1694 1271 grave!“

621 1279 736 1344 III.
787 1280 1044 1360 LiteriS‚
1106 1288 1175 1345 ut
1241 1285 1294 1344 si
1353 1280 1496 1360 quis
1551 1281 1826 1345 famosos
1888 1279 2134 1346 libellos
2191 1280 2274 1344 ad
2320 1280 2642 1345 infamiam
2690 1282 2803 1344 ali-

423 1365 606 1446 cujus
654 1368 916 1449 scribat,
963 1368 1061 1434 vel
1109 1367 1303 1434 scribi
1349 1375 1461 1434 aut
1507 1369 1798 1450 componi
1838 1369 2045 1434 curet.

624 1454 840 1521 Poena
885 1456 1199 1536 ejusmodi
1265 1459 1683 1522 non‘tantum
1734 1456 2029 1538 capitalis
2074 1461 2191 1535 est,
2258 1457 2371 1520 sed
2421 1457 2615 1522 etiam
2662 1457 2808 1522 talis

429 1542 494 1607 in
541 1549 815 1624 quatuor
861 1550 1082 1626 partes
1131 1544 1488 1610 dissecatur
1521 1534 1644 1624 (Β.
1681 1546 1783 1612 10.
1816 1547 1942 1610 Jus
1974 1545 2168 1610 Pron.
2206 1545 2282 1608 L.
2318 1535 2462 1626 15.)
2511 1544 2807 1610 Omnium

429 1649 489 1694 n.
538 1631 913 1712 injuriarum
958 1634 1340 1714 gravissime
1385 1634 1650 1713 punitur
1679 1633 1841 1698 haec
1885 1633 2159 1712 injuriae
2192 1635 2471 1713 species;
2520 1651 2667 1698 nam
2701 1637 2806 1714 qui

432 1735 584 1784 casu
644 1718 928 1784 libellum
990 1721 1300 1786 famosum
1360 1721 1622 1798 invenit,
1684 1741 1802 1786 nec
1862 1723 2077 1787 statim
2139 1720 2448 1786 laceravit
2509 1727 2621 1786 aut
2675 1722 2807 1802 igni

426 1806 718 1884 tradidit,
769 1807 1034 1888 punitur
1079 1827 1362 1888 carcere,
1411 1809 1474 1873 in
1523 1825 1645 1890 quo
1688 1828 1810 1890 per
1842 1809 2158 1890 integrum
2194 1827 2426 1874 annum
2483 1809 2809 1875 detinetur

425 1883 547 1974 (R.
598 1894 701 1960 12.
757 1895 947 1962 I'rov.
996 1895 1078 1962 L.
1126 1888 1270 1976 15.)

423 2069 524 2135 Pr
627 1982 728 2048 Ob
791 1982 1039 2152 libe)llos
1101 1985 1378 2049 famosos
1437 2001 1624 2049 nemo
1682 1985 1978 2050 redditur
2036 1984 2288 2050 infamis
2349 1977 2473 2064 (R.
2523 1987 2624 2050 11.
2683 1985 2807 2050 ‚Ius

523 2091 623 2134 συ.
669 2071 748 2136 L.
799 2071 904 2136 15.

626 2157 735 2223 IV.
789 2157 1012 2239 Gestu,
1077 2166 1147 2224 ut
1207 2160 1261 2225 si
1322 2161 1464 2240 quis
1524 2165 1746 2224 utatur
1805 2166 1983 2225 veste
2041 2159 2299 2240 lugubri
2358 2162 2458 2225 vel
2521 2161 2811 2244 squalida

434 2245 515 2308 ad
562 2245 859 2326 inJ'uriam
909 2247 1198 2328 alicujuS,
1247 2249 1532 2328 barbam,
1582 2247 1974 2330 capillosque
2046 2247 2363 2330 demittat,
2411 2249 2511 2313 vel
2574 2249 2809 2330 alioqui

439 2331 664 2398 faciem
698 2336 839 2414 quis
871 2340 1092 2416 mutet,
1128 2337 1258 2402 sive
1292 2335 1569 2417 linguam
1603 2337 1666 2400 in
1703 2336 2155 2401 contumeliam
2188 2335 2456 2418 aliquus
2487 2337 2809 2403 extendat.

1059 2573 1182 2645 De
1231 2559 1503 2645 d'elictia
1555 2569 2174 2645 extraordinariis.

628 2730 1020 2798 Delictorum
1071 2730 1727 2799 extraordinariorum
1778 2737 1847 2799 et
1878 2748 2042 2813 quae
2090 2733 2357 2799 arbitrio
2394 2733 2684 2813 ,iudicum
2732 2736 2811 2801 de

427 2816 575 2896 jnre
621 2827 840 2886 nostro
885 2822 1259 2903 puniuntur,
1317 2824 1462 2885 octo
1507 2822 1757 2902 species
1804 2827 2239 2893 recensentur.
2302 2822 2401 2887 De
2447 2821 2546 2887 his
2606 2841 2813 2903 pauca

429 2904 651 2972 ordine
698 2908 1054 2990 subjiciam.
1479 2976 1488 2984 ,
1760 2978 1767 2985 ,
1904 2978 1912 2985 ,

633 2994 885 3063 Om'men
929 2996 1456 3083 repetundarum.
1503 2996 1642 3063 Hoc
1692 2997 2125 3077 committitur,
2190 2998 2443 3077 quando
2488 2998 2545 3063 is
2592 2999 2700 3079 qui
2746 3001 2811 3067 in

434 3082 687 3162 publico
747 3083 954 3151 officio
1019 3091 1136 3163 est,
1198 3092 1468 3167 propter
1529 3100 1797 3151 munera
1841 3084 2078 3172 aliquid
2137 3086 2308 3165 facit,
2370 3086 2537 3166 quod
2596 3087 2813 3153 facere

435 3187 559 3235 non
611 3171 834 3253 debet;
899 3173 997 3238 vel
1043 3172 1299 3255 quando
1345 3173 1616 3239 mulctas
1663 3172 1744 3238 de
1790 3172 2120 3239 maleficiis
2165 3178 2473 3255 sumptae,
2520 3174 2585 3239 in
2630 3192 2809 3240 suum

435 3259 834 3328 commodum
881 3263 1199 3327 convertit
1241 3248 1361 3341 (0.
1408 3254 1512 3342 9.)

635 3346 892 3415 Crimen
917 3349 1277 3435 peculatus.
1310 3346 1578 3426 Quando
1613 3350 1755 3429 quis
1777 3350 2115 3431 pecuniam
2146 3348 2488 3431 publicam,
2522 3355 2811 3432 tempore

440 3434 1009 3504 administrationis
1033 3436 1226 3503 officii
1249 3436 1368 3516 sui,
1401 3436 1669 3503 furatur.
1702 3436 1861 3504 Jure
1881 3438 2169 3503 Romano
2202 3438 2514 3517 ejusmodi
2550 3440 2812 3519 capitali

433 3524 746 3605 supplicio
789 3527 1052 3606 punitur
1095 3514 1214 3605 (0.
1263 3514 1409 3605 10.)
1453 3524 1596 3591 Huc
1642 3524 1798 3591 illud
1846 3526 2200 3591 Ciceronis:
2250 3525 2371 3603 Qui
2416 3524 2808 3605 reipublicae

436 3611 789 3691 praefuturi
837 3619 1002 3693 sunt,
1068 3614 1192 3677 duo
1240 3611 1524 3679 Platonis
1569 3619 1640 3678 ut
1686 3621 2037 3695 praecepta
2082 3622 2378 3680 teneant:
2441 3612 2671 3694 Unum,
2738 3622 2808 3679 ut

435 3699 774 3767 utilitatem
835 3700 1064 3766 civium
1111 3702 1204 3767 sic
1249 3706 1571 3779 tueantur,
1630 3706 1701 3767 ut
1753 3719 2191 3782 quaecumque
2246 3708 2460 3783 agant,
2521 3702 2603 3767 ad
2664 3720 2802 3768 eam

433 3790 738 3869 referant,
785 3787 967 3854 obliti
1008 3789 1482 3856 commodorum
1529 3807 1806 3855 suorum.
1852 3790 2159 3867 Alterum,
2208 3794 2281 3854 ut
2324 3794 2527 3855 totum
2575 3807 2807 3873 corpus

433 3878 827 4028 Reipublicae
885 3885 1131 3957 curent,
1192 3895 1276 3942 ne
1325 3877 1473 3942 dum
1519 3878 1797 3958 aliquam
1843 3884 2097 3960 partem
2143 3884 2468 3958 tueantur,
2526 3878 2810 3958 reliquas

478 3972 758 4033 eserant.

633 4054 903 4121 Seditio.
974 4052 1240 4132 Quando
1295 4054 1438 4135 quis
1505 4061 1722 4121 movet
1781 4060 1849 4119 et
1902 4054 2179 4119 concitat
2232 4054 2532 4134 populum
2588 4064 2811 4120 contra

433 4144 881 4224 magistratum
929 4134 1044 4219 (0.
1094 4136 1218 4223 13)
1234 4167 1264 4222 ,·
1335 4141 1484 4208 talis
1536 4142 1685 4223 jure
1749 4143 1954 4207 veteri
2017 4148 2127 4207 aut
2186 4142 2251 4206 in
2302 4143 2485 4207 furca
2542 4162 2806 4224 suspen-

434 4230 726 4311 debatur,
776 4236 888 4296 aut
933 4230 1158 4295 bestiis
1203 4230 1689 4309 subjiciebatur,
1739 4235 1849 4295 aut
1893 4231 1955 4293 in
2004 4227 2275 4295 insulam
2323 4230 2806 4312 deportabatur.

631 4317 992 4385 concussio.
1051 4318 1190 4385 Hoc
1254 4317 1489 4383 delicto
1534 4323 1795 4384 tenetur
1837 4319 1912 4397 ia,
1977 4318 2085 4397 qui
2145 4318 2477 4383 occasione
2539 4318 2807 4397 alicuius

433 4405 764 4487 dignitatis
833 4406 933 4471 vel
997 4405 1206 4487 officii,
1277 4405 1448 4486 quod
1517 4407 1705 4487 gerit,
1766 4406 2043 4487 aliquem
2100 4408 2341 4487 premit
2398 4412 2466 4471 et
2524 4407 2807 4473 debitam

421 4491 738 4573 justitiam
782 4495 876 4559 illi
919 4513 1046 4560 non
1094 4493 1504 4559 administrat
1547 4484 1665 4575 (O.
1712 4484 1863 4576 26.)
