<?xml version="1.0" encoding="UTF-8"?>
<!DOCTYPE html PUBLIC "-//W3C//DTD XHTML 1.0 Transitional//EN"
    "http://www.w3.org/TR/xhtml1/DTD/xhtml1-transitional.dtd">
<html xmlns="http://www.w3.org/1999/xhtml" xml:lang="en" lang="en">
 <head>
  <title>
</title>
<meta http-equiv="Content-Type" content="text/html;charset=utf-8" />
  <meta name='ocr-system' content='tesseract 3.04.00' />
  <meta name='ocr-capabilities' content='ocr_page ocr_carea ocr_par ocr_line ocrx_word'/>
</head>
<body>
  <div class='ocr_page' id='page_1' title='image "./spisyprvnickopr00repugoog_0261.png"; bbox 0 0 3350 5050; ppageno 0'>
   <div class='ocr_carea' id='block_1_1' title="bbox 1110 483 2790 558">
    <p class='ocr_par' dir='ltr' id='par_1_1' title="bbox 1110 483 2790 558">
     <span class='ocr_line' id='line_1_1' title="bbox 1110 483 2790 558; baseline -0.005 -17"><span class='ocrx_word' id='word_1_1' title='bbox 1110 485 1445 554; x_wconf 76' lang='lat' dir='ltr'><strong>Respublica</strong></span> <span class='ocrx_word' id='word_1_2' title='bbox 1480 483 1724 552; x_wconf 82' lang='lat' dir='ltr'><strong>Bojema.</strong></span> <span class='ocrx_word' id='word_1_3' title='bbox 1762 487 1896 553; x_wconf 85' lang='lat' dir='ltr'><strong>Cap.</strong></span> <span class='ocrx_word' id='word_1_4' title='bbox 1933 483 2085 538; x_wconf 81' lang='lat' dir='ltr'><strong>xm.</strong></span> <span class='ocrx_word' id='word_1_5' title='bbox 2661 487 2790 558; x_wconf 73' lang='lat'><strong>249</strong></span> 
     </span>
    </p>
   </div>
   <div class='ocr_carea' id='block_1_2' title="bbox 351 627 2858 4412">
    <p class='ocr_par' dir='ltr' id='par_1_2' title="bbox 407 627 2804 2208">
     <span class='ocr_line' id='line_1_2' title="bbox 413 627 2798 711; baseline -0 -16"><span class='ocrx_word' id='word_1_6' title='bbox 413 627 747 710; x_wconf 90' lang='lat' dir='ltr'><strong>aulicoque</strong></span> <span class='ocrx_word' id='word_1_7' title='bbox 812 629 1118 697; x_wconf 87' lang='lat' dir='ltr'><strong>comitatu</strong></span> <span class='ocrx_word' id='word_1_8' title='bbox 1177 647 1315 710; x_wconf 88' lang='lat' dir='ltr'><strong>suo,</strong></span> <span class='ocrx_word' id='word_1_9' title='bbox 1381 645 1618 711; x_wconf 88' lang='lat' dir='ltr'><strong>pompa</strong></span> <span class='ocrx_word' id='word_1_10' title='bbox 1688 627 1892 710; x_wconf 88' lang='lat' dir='ltr'><strong>regia,</strong></span> <span class='ocrx_word' id='word_1_11' title='bbox 1963 629 2380 709; x_wconf 79' lang='lat' dir='ltr'><strong>praeferente</strong></span> <span class='ocrx_word' id='word_1_12' title='bbox 2439 628 2798 695; x_wconf 87' lang='lat' dir='ltr'><strong>districtum</strong></span> 
     </span>
     <span class='ocr_line' id='line_1_3' title="bbox 412 708 2798 798; baseline -0 -17"><span class='ocrx_word' id='word_1_13' title='bbox 412 716 692 798; x_wconf 79' lang='lat' dir='ltr'>gladium</span> <span class='ocrx_word' id='word_1_14' title='bbox 784 717 973 784; x_wconf 86' lang='lat' dir='ltr'><strong>aulae</strong></span> <span class='ocrx_word' id='word_1_15' title='bbox 1064 715 1476 796; x_wconf 75' lang='lat' dir='ltr'><strong>marescalco,</strong></span> <span class='ocrx_word' id='word_1_16' title='bbox 1567 717 1633 782; x_wconf 92' lang='lat' dir='ltr'><strong>in</strong></span> <span class='ocrx_word' id='word_1_17' title='bbox 1725 715 2049 783; x_wconf 88' lang='lat' dir='ltr'><strong>comitium</strong></span> <span class='ocrx_word' id='word_1_18' title='bbox 2141 708 2440 792; x_wconf 87' lang='lat' dir='ltr'><strong>(vocatur</strong></span> <span class='ocrx_word' id='word_1_19' title='bbox 2527 717 2798 783; x_wconf 74' lang='lat' dir='ltr'><strong>Saudnci</strong></span> 
     </span>
     <span class='ocr_line' id='line_1_4' title="bbox 414 799 2794 887; baseline -0 -16"><span class='ocrx_word' id='word_1_20' title='bbox 414 799 751 886; x_wconf 56' lang='lat' dir='ltr'><strong>Swfftnice)</strong></span> <span class='ocrx_word' id='word_1_21' title='bbox 783 825 905 887; x_wconf 91' lang='lat' dir='ltr'><strong>per</strong></span> <span class='ocrx_word' id='word_1_22' title='bbox 937 805 1465 872; x_wconf 78' lang='lat' dir='ltr'><strong>confertissimam</strong></span> <span class='ocrx_word' id='word_1_23' title='bbox 1499 805 1717 886; x_wconf 91' lang='lat' dir='ltr'><strong>populi</strong></span> <span class='ocrx_word' id='word_1_24' title='bbox 1749 805 2024 882; x_wconf 86' lang='lat' dir='ltr'><strong>turbam,</strong></span> <span class='ocrx_word' id='word_1_25' title='bbox 2073 805 2248 868; x_wconf 82' lang='lat' dir='ltr'><strong>venit</strong></span> <span class='ocrx_word' id='word_1_26' title='bbox 2287 805 2448 886; x_wconf 89' lang='lat' dir='ltr'><strong>ipse.</strong></span> <span class='ocrx_word' id='word_1_27' title='bbox 2499 805 2794 871; x_wconf 84' lang='lat' dir='ltr'><strong>venienti</strong></span> 
     </span>
     <span class='ocr_line' id='line_1_5' title="bbox 411 891 2797 976; baseline 0 -19"><span class='ocrx_word' id='word_1_28' title='bbox 411 891 499 958; x_wconf 89' lang='lat' dir='ltr'><strong>illi</strong></span> <span class='ocrx_word' id='word_1_29' title='bbox 532 898 885 976; x_wconf 86' lang='lat' dir='ltr'><strong>assurgunt</strong></span> <span class='ocrx_word' id='word_1_30' title='bbox 916 894 1199 959; x_wconf 86' lang='lat' dir='ltr'><strong>universi</strong></span> <span class='ocrx_word' id='word_1_31' title='bbox 1232 910 1373 958; x_wconf 90' lang='lat' dir='ltr'><strong>cum</strong></span> <span class='ocrx_word' id='word_1_32' title='bbox 1406 892 1863 960; x_wconf 86' lang='lat' dir='ltr'><strong>demississima</strong></span> <span class='ocrx_word' id='word_1_33' title='bbox 1895 893 2329 958; x_wconf 86' lang='lat' dir='ltr'><strong>veneratione.</strong></span> <span class='ocrx_word' id='word_1_34' title='bbox 2376 893 2500 972; x_wconf 82' lang='lat' dir='ltr'><strong>Qui</strong></span> <span class='ocrx_word' id='word_1_35' title='bbox 2545 899 2797 975; x_wconf 89' lang='lat' dir='ltr'><strong>postea-</strong></span> 
     </span>
     <span class='ocr_line' id='line_1_6' title="bbox 412 981 2799 1062; baseline -0.001 -16"><span class='ocrx_word' id='word_1_36' title='bbox 412 999 603 1061; x_wconf 90' lang='lat' dir='ltr'><strong>quam</strong></span> <span class='ocrx_word' id='word_1_37' title='bbox 670 983 739 1048; x_wconf 90' lang='lat' dir='ltr'><strong>in</strong></span> <span class='ocrx_word' id='word_1_38' title='bbox 808 981 1177 1049; x_wconf 81' lang='lat' dir='ltr'><strong>sublimiore</strong></span> <span class='ocrx_word' id='word_1_39' title='bbox 1247 981 1812 1062; x_wconf 89' lang='lat' dir='ltr'><strong>splendidioreque</strong></span> <span class='ocrx_word' id='word_1_40' title='bbox 1875 981 2153 1047; x_wconf 85' lang='lat' dir='ltr'><strong>caeteris</strong></span> <span class='ocrx_word' id='word_1_41' title='bbox 2222 983 2377 1046; x_wconf 90' lang='lat' dir='ltr'><strong>solio</strong></span> <span class='ocrx_word' id='word_1_42' title='bbox 2444 982 2622 1062; x_wconf 88' lang='lat' dir='ltr'><strong>regio</strong></span> <span class='ocrx_word' id='word_1_43' title='bbox 2679 981 2799 1048; x_wconf 86' lang='lat' dir='ltr'><strong>sub</strong></span> 
     </span>
     <span class='ocr_line' id='line_1_7' title="bbox 413 1069 2800 1151; baseline 0 -17"><span class='ocrx_word' id='word_1_44' title='bbox 413 1069 709 1135; x_wconf 86' lang='lat' dir='ltr'><strong>uranisco</strong></span> <span class='ocrx_word' id='word_1_45' title='bbox 743 1070 1048 1150; x_wconf 80' lang='lat' dir='ltr'><strong>consedit,</strong></span> <span class='ocrx_word' id='word_1_46' title='bbox 1098 1069 1233 1150; x_wconf 87' lang='lat' dir='ltr'><strong>agit</strong></span> <span class='ocrx_word' id='word_1_47' title='bbox 1278 1087 1398 1151; x_wconf 92' lang='lat' dir='ltr'><strong>per</strong></span> <span class='ocrx_word' id='word_1_48' title='bbox 1432 1070 1855 1150; x_wconf 81' lang='lat' dir='ltr'><strong>interpretem</strong></span> <span class='ocrx_word' id='word_1_49' title='bbox 1887 1069 2549 1135; x_wconf 83' lang='lat' dir='ltr'><strong>archi-cancellarium</strong></span> <span class='ocrx_word' id='word_1_50' title='bbox 2585 1071 2800 1148; x_wconf 85' lang='lat' dir='ltr'><strong>lingua</strong></span> 
     </span>
     <span class='ocr_line' id='line_1_8' title="bbox 412 1154 2800 1240; baseline -0.001 -16"><span class='ocrx_word' id='word_1_51' title='bbox 412 1154 736 1236; x_wconf 88' lang='lat' dir='ltr'><strong>Bojeinica</strong></span> <span class='ocrx_word' id='word_1_52' title='bbox 796 1157 876 1223; x_wconf 93' lang='lat' dir='ltr'><strong>de</strong></span> <span class='ocrx_word' id='word_1_53' title='bbox 935 1158 1248 1240; x_wconf 76' lang='lat' dir='ltr'><strong>praestito</strong></span> <span class='ocrx_word' id='word_1_54' title='bbox 1316 1157 1636 1222; x_wconf 85' lang='lat' dir='ltr'><strong>mandatis</strong></span> <span class='ocrx_word' id='word_1_55' title='bbox 1693 1158 1826 1224; x_wconf 89' lang='lat' dir='ltr'><strong>suis</strong></span> <span class='ocrx_word' id='word_1_56' title='bbox 1886 1159 2210 1238; x_wconf 89' lang='lat' dir='ltr'><strong>obsequio,</strong></span> <span class='ocrx_word' id='word_1_57' title='bbox 2281 1157 2568 1224; x_wconf 89' lang='lat' dir='ltr'><strong>concioni</strong></span> <span class='ocrx_word' id='word_1_58' title='bbox 2632 1159 2800 1222; x_wconf 92' lang='lat' dir='ltr'><strong>omni</strong></span> 
     </span>
     <span class='ocr_line' id='line_1_9' title="bbox 415 1244 2804 1327; baseline 0 -17"><span class='ocrx_word' id='word_1_59' title='bbox 415 1246 678 1326; x_wconf 79' lang='lat' dir='ltr'><strong>gratias,</strong></span> <span class='ocrx_word' id='word_1_60' title='bbox 726 1253 796 1313; x_wconf 91' lang='lat' dir='ltr'><strong>et</strong></span> <span class='ocrx_word' id='word_1_61' title='bbox 837 1265 985 1313; x_wconf 80' lang='lat' dir='ltr'><strong>mox</strong></span> <span class='ocrx_word' id='word_1_62' title='bbox 1027 1264 1187 1324; x_wconf 74' lang='lat' dir='ltr'><strong>rem,</strong></span> <span class='ocrx_word' id='word_1_63' title='bbox 1234 1245 1299 1310; x_wconf 91' lang='lat' dir='ltr'><strong>in</strong></span> <span class='ocrx_word' id='word_1_64' title='bbox 1346 1263 1474 1325; x_wconf 88' lang='lat' dir='ltr'><strong>qua</strong></span> <span class='ocrx_word' id='word_1_65' title='bbox 1517 1263 1639 1327; x_wconf 93' lang='lat' dir='ltr'><strong>ope</strong></span> <span class='ocrx_word' id='word_1_66' title='bbox 1701 1245 1918 1327; x_wconf 88' lang='lat' dir='ltr'><strong>populi</strong></span> <span class='ocrx_word' id='word_1_67' title='bbox 1961 1244 2060 1311; x_wconf 89' lang='lat' dir='ltr'><strong>sui</strong></span> <span class='ocrx_word' id='word_1_68' title='bbox 2103 1245 2492 1325; x_wconf 84' lang='lat' dir='ltr'><strong>consilioque</strong></span> <span class='ocrx_word' id='word_1_69' title='bbox 2551 1245 2672 1312; x_wconf 90' lang='lat' dir='ltr'><strong>sibi</strong></span> <span class='ocrx_word' id='word_1_70' title='bbox 2719 1246 2804 1312; x_wconf 90' lang='lat' dir='ltr'><strong>sit</strong></span> 
     </span>
     <span class='ocr_line' id='line_1_10' title="bbox 413 1333 2804 1416; baseline 0 -18"><span class='ocrx_word' id='word_1_71' title='bbox 413 1350 593 1415; x_wconf 54' lang='lat' dir='ltr'><strong>opus</strong></span> <span class='ocrx_word' id='word_1_72' title='bbox 644 1335 913 1416; x_wconf 87' lang='lat' dir='ltr'><strong>proponi</strong></span> <span class='ocrx_word' id='word_1_73' title='bbox 951 1333 1159 1414; x_wconf 84' lang='lat' dir='ltr'><strong>J&#39;ubet.</strong></span> <span class='ocrx_word' id='word_1_74' title='bbox 1210 1333 1397 1412; x_wconf 87' lang='lat' dir='ltr'><strong>Legit</strong></span> <span class='ocrx_word' id='word_1_75' title='bbox 1426 1333 1507 1398; x_wconf 90' lang='lat' dir='ltr'><strong>de</strong></span> <span class='ocrx_word' id='word_1_76' title='bbox 1554 1339 1862 1415; x_wconf 88' lang='lat' dir='ltr'><strong>suggestu</strong></span> <span class='ocrx_word' id='word_1_77' title='bbox 1891 1334 2390 1414; x_wconf 83' lang='lat' dir='ltr'><strong>propositionem</strong></span> <span class='ocrx_word' id='word_1_78' title='bbox 2439 1353 2518 1399; x_wconf 89' lang='lat' dir='ltr'><strong>ex</strong></span> <span class='ocrx_word' id='word_1_79' title='bbox 2563 1334 2804 1416; x_wconf 85' lang='lat' dir='ltr'><strong>scripto</strong></span> 
     </span>
     <span class='ocr_line' id='line_1_11' title="bbox 410 1420 2802 1504; baseline 0 -19"><span class='ocrx_word' id='word_1_80' title='bbox 410 1421 593 1502; x_wconf 87' lang='lat' dir='ltr'><strong>regni</strong></span> <span class='ocrx_word' id='word_1_81' title='bbox 668 1422 1133 1488; x_wconf 69' lang='lat' dir='ltr'><strong>vice-notarius</strong></span> <span class='ocrx_word' id='word_1_82' title='bbox 1200 1421 1302 1487; x_wconf 86' lang='lat' dir='ltr'><strong>vel</strong></span> <span class='ocrx_word' id='word_1_83' title='bbox 1370 1421 1782 1487; x_wconf 83' lang='lat' dir='ltr'><strong>declamator.</strong></span> <span class='ocrx_word' id='word_1_84' title='bbox 1855 1420 1998 1500; x_wconf 85' lang='lat' dir='ltr'><strong>Qua</strong></span> <span class='ocrx_word' id='word_1_85' title='bbox 2057 1421 2351 1488; x_wconf 86' lang='lat' dir='ltr'><strong>absoluta</strong></span> <span class='ocrx_word' id='word_1_86' title='bbox 2410 1439 2802 1504; x_wconf 83' lang='lat' dir='ltr'><strong>consurgens</strong></span> 
     </span>
     <span class='ocr_line' id='line_1_12' title="bbox 412 1508 2800 1592; baseline -0 -17"><span class='ocrx_word' id='word_1_87' title='bbox 412 1510 842 1591; x_wconf 86' lang='lat' dir='ltr'><strong>burggravius</strong></span> <span class='ocrx_word' id='word_1_88' title='bbox 887 1527 1246 1592; x_wconf 76' lang='lat' dir='ltr'><strong>supremuS,</strong></span> <span class='ocrx_word' id='word_1_89' title='bbox 1308 1508 1527 1590; x_wconf 90' lang='lat' dir='ltr'><strong>populi</strong></span> <span class='ocrx_word' id='word_1_90' title='bbox 1583 1511 1788 1576; x_wconf 90' lang='lat' dir='ltr'><strong>omnis</strong></span> <span class='ocrx_word' id='word_1_91' title='bbox 1847 1510 2119 1588; x_wconf 89' lang='lat' dir='ltr'><strong>nomine,</strong></span> <span class='ocrx_word' id='word_1_92' title='bbox 2186 1511 2380 1576; x_wconf 87' lang='lat' dir='ltr'><strong>verba</strong></span> <span class='ocrx_word' id='word_1_93' title='bbox 2431 1510 2510 1575; x_wconf 88' lang='lat' dir='ltr'><strong>ad</strong></span> <span class='ocrx_word' id='word_1_94' title='bbox 2560 1511 2800 1589; x_wconf 82' lang='lat' dir='ltr'><strong>Regem</strong></span> 
     </span>
     <span class='ocr_line' id='line_1_13' title="bbox 411 1597 2802 1679; baseline -0 -16"><span class='ocrx_word' id='word_1_95' title='bbox 411 1605 795 1664; x_wconf 85' lang='lat' dir='ltr'><strong>reverenter</strong></span> <span class='ocrx_word' id='word_1_96' title='bbox 860 1598 1035 1678; x_wconf 85' lang='lat' dir='ltr'><strong>facit,</strong></span> <span class='ocrx_word' id='word_1_97' title='bbox 1094 1603 1163 1664; x_wconf 93' lang='lat' dir='ltr'><strong>et</strong></span> <span class='ocrx_word' id='word_1_98' title='bbox 1204 1603 1504 1679; x_wconf 81' lang='lat' dir='ltr'><strong>precatus</strong></span> <span class='ocrx_word' id='word_1_99' title='bbox 1564 1597 1659 1663; x_wconf 91' lang='lat' dir='ltr'><strong>illi</strong></span> <span class='ocrx_word' id='word_1_100' title='bbox 1703 1597 2072 1663; x_wconf 82' lang='lat' dir='ltr'><strong>felicissima</strong></span> <span class='ocrx_word' id='word_1_101' title='bbox 2135 1603 2446 1679; x_wconf 83' lang='lat' dir='ltr'><strong>quaeque,</strong></span> <span class='ocrx_word' id='word_1_102' title='bbox 2509 1600 2802 1678; x_wconf 88' lang='lat' dir='ltr'><strong>quoniam</strong></span> 
     </span>
     <span class='ocr_line' id='line_1_14' title="bbox 414 1684 2802 1768; baseline 0 -17"><span class='ocrx_word' id='word_1_103' title='bbox 414 1685 695 1751; x_wconf 86' lang='lat' dir='ltr'><strong>Ordines</strong></span> <span class='ocrx_word' id='word_1_104' title='bbox 724 1705 803 1753; x_wconf 82' lang='lat' dir='ltr'><strong>ex</strong></span> <span class='ocrx_word' id='word_1_105' title='bbox 823 1685 1319 1752; x_wconf 88' lang='lat' dir='ltr'><strong>clementissima</strong></span> <span class='ocrx_word' id='word_1_106' title='bbox 1337 1684 1469 1765; x_wconf 88' lang='lat' dir='ltr'><strong>jam</strong></span> <span class='ocrx_word' id='word_1_107' title='bbox 1488 1684 1815 1766; x_wconf 87' lang='lat' dir='ltr'><strong>publicata</strong></span> <span class='ocrx_word' id='word_1_108' title='bbox 1827 1686 2076 1766; x_wconf 81' lang='lat' dir='ltr'><strong>Regiae</strong></span> <span class='ocrx_word' id='word_1_109' title='bbox 2097 1685 2460 1766; x_wconf 89' lang='lat' dir='ltr'><strong>Majestatis</strong></span> <span class='ocrx_word' id='word_1_110' title='bbox 2483 1705 2638 1753; x_wconf 89' lang='lat' dir='ltr'><strong>suae</strong></span> <span class='ocrx_word' id='word_1_111' title='bbox 2656 1703 2802 1768; x_wconf 90' lang='lat' dir='ltr'><strong>pro-</strong></span> 
     </span>
     <span class='ocr_line' id='line_1_15' title="bbox 412 1773 2802 1855; baseline 0 -17"><span class='ocrx_word' id='word_1_112' title='bbox 412 1774 750 1855; x_wconf 82' lang='lat' dir='ltr'><strong>positione,</strong></span> <span class='ocrx_word' id='word_1_113' title='bbox 792 1790 958 1855; x_wconf 87' lang='lat' dir='ltr'><strong>quae</strong></span> <span class='ocrx_word' id='word_1_114' title='bbox 983 1774 1149 1854; x_wconf 86' lang='lat' dir='ltr'><strong>Regi</strong></span> <span class='ocrx_word' id='word_1_115' title='bbox 1173 1791 1253 1840; x_wconf 89' lang='lat' dir='ltr'><strong>ac</strong></span> <span class='ocrx_word' id='word_1_116' title='bbox 1272 1773 1671 1854; x_wconf 89' lang='lat' dir='ltr'><strong>reipublicae</strong></span> <span class='ocrx_word' id='word_1_117' title='bbox 1698 1775 1828 1839; x_wconf 88' lang='lat' dir='ltr'><strong>sint</strong></span> <span class='ocrx_word' id='word_1_118' title='bbox 1853 1791 2033 1854; x_wconf 83' lang='lat' dir='ltr'><strong>opuS,</strong></span> <span class='ocrx_word' id='word_1_119' title='bbox 2079 1774 2326 1855; x_wconf 82' lang='lat' dir='ltr'><strong>prolixe</strong></span> <span class='ocrx_word' id='word_1_120' title='bbox 2350 1784 2802 1855; x_wconf 86' lang='lat' dir='ltr'><strong>cognoverunt,</strong></span> 
     </span>
     <span class='ocr_line' id='line_1_16' title="bbox 408 1861 2804 1944; baseline 0 -18"><span class='ocrx_word' id='word_1_121' title='bbox 408 1862 491 1926; x_wconf 87' lang='lat' dir='ltr'><strong>de</strong></span> <span class='ocrx_word' id='word_1_122' title='bbox 536 1861 615 1928; x_wconf 92' lang='lat' dir='ltr'><strong>iis</strong></span> <span class='ocrx_word' id='word_1_123' title='bbox 658 1881 731 1930; x_wconf 87' lang='lat' dir='ltr'><strong>se</strong></span> <span class='ocrx_word' id='word_1_124' title='bbox 778 1862 1245 1944; x_wconf 86' lang='lat' dir='ltr'><strong>quamprimum</strong></span> <span class='ocrx_word' id='word_1_125' title='bbox 1294 1861 1646 1941; x_wconf 82' lang='lat' dir='ltr'><strong>diligenter</strong></span> <span class='ocrx_word' id='word_1_126' title='bbox 1695 1861 2086 1942; x_wconf 88' lang='lat' dir='ltr'><strong>deliberare,</strong></span> <span class='ocrx_word' id='word_1_127' title='bbox 2135 1881 2210 1927; x_wconf 89' lang='lat' dir='ltr'><strong>ac</strong></span> <span class='ocrx_word' id='word_1_128' title='bbox 2254 1868 2528 1943; x_wconf 82' lang='lat' dir='ltr'><strong>gratum,</strong></span> <span class='ocrx_word' id='word_1_129' title='bbox 2595 1865 2804 1943; x_wconf 88' lang='lat' dir='ltr'><strong>quoad</strong></span> 
     </span>
     <span class='ocr_line' id='line_1_17' title="bbox 410 1948 2803 2033; baseline 0 -19"><span class='ocrx_word' id='word_1_130' title='bbox 410 1950 687 2016; x_wconf 84' lang='lat' dir='ltr'><strong>maxime</strong></span> <span class='ocrx_word' id='word_1_131' title='bbox 732 1948 879 2017; x_wconf 90' lang='lat' dir='ltr'><strong>fieri</strong></span> <span class='ocrx_word' id='word_1_132' title='bbox 910 1952 1170 2032; x_wconf 88' lang='lat' dir='ltr'><strong>poterit,</strong></span> <span class='ocrx_word' id='word_1_133' title='bbox 1217 1950 1383 2030; x_wconf 88' lang='lat' dir='ltr'><strong>Regi</strong></span> <span class='ocrx_word' id='word_1_134' title='bbox 1417 1951 1796 2029; x_wconf 86' lang='lat' dir='ltr'><strong>obsequium</strong></span> <span class='ocrx_word' id='word_1_135' title='bbox 1828 1955 2165 2032; x_wconf 86' lang='lat' dir='ltr'><strong>praestare</strong></span> <span class='ocrx_word' id='word_1_136' title='bbox 2199 1950 2385 2030; x_wconf 84' lang='lat' dir='ltr'><strong>velle,</strong></span> <span class='ocrx_word' id='word_1_137' title='bbox 2435 1950 2803 2033; x_wconf 88' lang='lat' dir='ltr'><strong>respondet.</strong></span> 
     </span>
     <span class='ocr_line' id='line_1_18' title="bbox 412 2037 2804 2120; baseline 0 -18"><span class='ocrx_word' id='word_1_138' title='bbox 412 2037 533 2103; x_wconf 88' lang='lat' dir='ltr'><strong>His</strong></span> <span class='ocrx_word' id='word_1_139' title='bbox 600 2038 834 2106; x_wconf 88' lang='lat' dir='ltr'><strong>auditis</strong></span> <span class='ocrx_word' id='word_1_140' title='bbox 900 2038 1227 2120; x_wconf 83' lang='lat' dir='ltr'><strong>consurgit</strong></span> <span class='ocrx_word' id='word_1_141' title='bbox 1280 2037 1436 2118; x_wconf 86' lang='lat' dir='ltr'><strong>Rex,</strong></span> <span class='ocrx_word' id='word_1_142' title='bbox 1501 2042 1570 2104; x_wconf 92' lang='lat' dir='ltr'><strong>et</strong></span> <span class='ocrx_word' id='word_1_143' title='bbox 1630 2039 1970 2105; x_wconf 85' lang='lat' dir='ltr'><strong>comitatus</strong></span> <span class='ocrx_word' id='word_1_144' title='bbox 2025 2043 2102 2103; x_wconf 87' lang='lat' dir='ltr'><strong>ut</strong></span> <span class='ocrx_word' id='word_1_145' title='bbox 2156 2039 2356 2120; x_wconf 84' lang='lat' dir='ltr'><strong>prius,</strong></span> <span class='ocrx_word' id='word_1_146' title='bbox 2420 2057 2558 2104; x_wconf 87' lang='lat' dir='ltr'><strong>cum</strong></span> <span class='ocrx_word' id='word_1_147' title='bbox 2621 2039 2804 2120; x_wconf 83' lang='lat' dir='ltr'><strong>regni</strong></span> 
     </span>
     <span class='ocr_line' id='line_1_19' title="bbox 407 2125 2603 2208; baseline 0.001 -18"><span class='ocrx_word' id='word_1_148' title='bbox 407 2126 838 2204; x_wconf 78' lang='lat' dir='ltr'><strong>senatoribuS,</strong></span> <span class='ocrx_word' id='word_1_149' title='bbox 889 2133 1024 2192; x_wconf 88' lang='lat' dir='ltr'><strong>tum</strong></span> <span class='ocrx_word' id='word_1_150' title='bbox 1070 2126 1259 2192; x_wconf 90' lang='lat' dir='ltr'><strong>aulae</strong></span> <span class='ocrx_word' id='word_1_151' title='bbox 1306 2143 1465 2191; x_wconf 89' lang='lat' dir='ltr'><strong>suae</strong></span> <span class='ocrx_word' id='word_1_152' title='bbox 1510 2125 1956 2204; x_wconf 80' lang='lat' dir='ltr'><strong>familiaribuS,</strong></span> <span class='ocrx_word' id='word_1_153' title='bbox 2005 2127 2070 2191; x_wconf 86' lang='lat' dir='ltr'><strong>in</strong></span> <span class='ocrx_word' id='word_1_154' title='bbox 2118 2127 2364 2208; x_wconf 85' lang='lat' dir='ltr'><strong>regiam</strong></span> <span class='ocrx_word' id='word_1_155' title='bbox 2413 2127 2603 2192; x_wconf 91' lang='lat' dir='ltr'><strong>redit.</strong></span> 
     </span>
    </p>

    <p class='ocr_par' dir='ltr' id='par_1_3' title="bbox 390 2213 2858 4235">
     <span class='ocr_line' id='line_1_20' title="bbox 606 2213 2802 2295; baseline 0 -17"><span class='ocrx_word' id='word_1_156' title='bbox 606 2213 724 2280; x_wconf 89' lang='lat'><strong>111.</strong></span> <span class='ocrx_word' id='word_1_157' title='bbox 797 2215 1091 2280; x_wconf 89' lang='lat' dir='ltr'><strong>Deducto</strong></span> <span class='ocrx_word' id='word_1_158' title='bbox 1158 2215 1224 2278; x_wconf 92' lang='lat' dir='ltr'><strong>in</strong></span> <span class='ocrx_word' id='word_1_159' title='bbox 1294 2213 1539 2294; x_wconf 88' lang='lat' dir='ltr'><strong>regiam</strong></span> <span class='ocrx_word' id='word_1_160' title='bbox 1595 2215 1800 2295; x_wconf 85' lang='lat' dir='ltr'><strong>Rege,</strong></span> <span class='ocrx_word' id='word_1_161' title='bbox 1867 2220 2286 2280; x_wconf 85' lang='lat' dir='ltr'><strong>revertuntur</strong></span> <span class='ocrx_word' id='word_1_162' title='bbox 2355 2215 2419 2279; x_wconf 90' lang='lat' dir='ltr'><strong>in</strong></span> <span class='ocrx_word' id='word_1_163' title='bbox 2480 2216 2802 2281; x_wconf 87' lang='lat' dir='ltr'><strong>comitium</strong></span> 
     </span>
     <span class='ocr_line' id='line_1_21' title="bbox 406 2297 2801 2386; baseline 0 -19"><span class='ocrx_word' id='word_1_164' title='bbox 406 2303 594 2382; x_wconf 86' lang='lat' dir='ltr'><strong>regni</strong></span> <span class='ocrx_word' id='word_1_165' title='bbox 642 2308 997 2382; x_wconf 76' lang='lat' dir='ltr'><strong>senatoreS,</strong></span> <span class='ocrx_word' id='word_1_166' title='bbox 1072 2309 1139 2368; x_wconf 91' lang='lat' dir='ltr'><strong>et</strong></span> <span class='ocrx_word' id='word_1_167' title='bbox 1207 2302 1635 2382; x_wconf 86' lang='lat' dir='ltr'><strong>burggravius</strong></span> <span class='ocrx_word' id='word_1_168' title='bbox 1703 2321 2040 2384; x_wconf 86' lang='lat' dir='ltr'><strong>supremus</strong></span> <span class='ocrx_word' id='word_1_169' title='bbox 2105 2297 2207 2372; x_wconf 84' lang='lat' dir='ltr'><strong>(ut</strong></span> <span class='ocrx_word' id='word_1_170' title='bbox 2279 2303 2384 2382; x_wconf 90' lang='lat' dir='ltr'><strong>qui</strong></span> <span class='ocrx_word' id='word_1_171' title='bbox 2455 2305 2801 2386; x_wconf 85' lang='lat' dir='ltr'><strong>praecipue</strong></span> 
     </span>
     <span class='ocr_line' id='line_1_22' title="bbox 408 2382 2801 2472; baseline 0.001 -18"><span class='ocrx_word' id='word_1_172' title='bbox 408 2390 685 2457; x_wconf 89' lang='lat' dir='ltr'><strong>comitiis</strong></span> <span class='ocrx_word' id='word_1_173' title='bbox 732 2391 899 2458; x_wconf 89' lang='lat' dir='ltr'><strong>solet</strong></span> <span class='ocrx_word' id='word_1_174' title='bbox 930 2382 1305 2470; x_wconf 87' lang='lat' dir='ltr'><strong>moderari),</strong></span> <span class='ocrx_word' id='word_1_175' title='bbox 1356 2390 1631 2456; x_wconf 84' lang='lat' dir='ltr'><strong>exclusis</strong></span> <span class='ocrx_word' id='word_1_176' title='bbox 1677 2391 1856 2471; x_wconf 83' lang='lat' dir='ltr'><strong>prius</strong></span> <span class='ocrx_word' id='word_1_177' title='bbox 1886 2391 2196 2471; x_wconf 87' lang='lat' dir='ltr'><strong>omnibus,</strong></span> <span class='ocrx_word' id='word_1_178' title='bbox 2245 2391 2355 2472; x_wconf 91' lang='lat' dir='ltr'><strong>qui</strong></span> <span class='ocrx_word' id='word_1_179' title='bbox 2377 2410 2556 2457; x_wconf 90' lang='lat' dir='ltr'><strong>more</strong></span> <span class='ocrx_word' id='word_1_180' title='bbox 2589 2392 2801 2472; x_wconf 87' lang='lat' dir='ltr'><strong>patrio</strong></span> 
     </span>
     <span class='ocr_line' id='line_1_23' title="bbox 411 2478 2798 2560; baseline 0 -17"><span class='ocrx_word' id='word_1_181' title='bbox 411 2478 837 2545; x_wconf 84' lang='lat' dir='ltr'><strong>comitialibus</strong></span> <span class='ocrx_word' id='word_1_182' title='bbox 907 2478 1479 2546; x_wconf 85' lang='lat' dir='ltr'><strong>deliberationibus</strong></span> <span class='ocrx_word' id='word_1_183' title='bbox 1545 2479 1862 2545; x_wconf 88' lang='lat' dir='ltr'><strong>interesse</strong></span> <span class='ocrx_word' id='word_1_184' title='bbox 1932 2483 2263 2560; x_wconf 88' lang='lat' dir='ltr'><strong>vetantur,</strong></span> <span class='ocrx_word' id='word_1_185' title='bbox 2334 2482 2652 2546; x_wconf 88' lang='lat' dir='ltr'><strong>convertit</strong></span> <span class='ocrx_word' id='word_1_186' title='bbox 2719 2481 2798 2545; x_wconf 85' lang='lat' dir='ltr'><strong>ad</strong></span> 
     </span>
     <span class='ocr_line' id='line_1_24' title="bbox 406 2567 2800 2649; baseline 0.001 -18"><span class='ocrx_word' id='word_1_187' title='bbox 406 2567 687 2634; x_wconf 83' lang='lat' dir='ltr'><strong>Ordines</strong></span> <span class='ocrx_word' id='word_1_188' title='bbox 717 2584 1103 2646; x_wconf 87' lang='lat' dir='ltr'><strong>sermonem,</strong></span> <span class='ocrx_word' id='word_1_189' title='bbox 1135 2573 1204 2634; x_wconf 91' lang='lat' dir='ltr'><strong>et</strong></span> <span class='ocrx_word' id='word_1_190' title='bbox 1232 2567 1354 2647; x_wconf 87' lang='lat' dir='ltr'><strong>vel,</strong></span> <span class='ocrx_word' id='word_1_191' title='bbox 1386 2568 1441 2633; x_wconf 92' lang='lat' dir='ltr'><strong>si</strong></span> <span class='ocrx_word' id='word_1_192' title='bbox 1465 2567 1634 2633; x_wconf 88' lang='lat' dir='ltr'><strong>diem</strong></span> <span class='ocrx_word' id='word_1_193' title='bbox 1668 2568 1916 2648; x_wconf 87' lang='lat' dir='ltr'><strong>longius</strong></span> <span class='ocrx_word' id='word_1_194' title='bbox 1941 2569 2334 2649; x_wconf 87' lang='lat' dir='ltr'><strong>processisse</strong></span> <span class='ocrx_word' id='word_1_195' title='bbox 2367 2588 2441 2635; x_wconf 86' lang='lat' dir='ltr'><strong>ac</strong></span> <span class='ocrx_word' id='word_1_196' title='bbox 2464 2569 2800 2635; x_wconf 80' lang='lat' dir='ltr'><strong>inclinasse</strong></span> 
     </span>
     <span class='ocr_line' id='line_1_25' title="bbox 404 2655 2798 2738; baseline 0.001 -20"><span class='ocrx_word' id='word_1_197' title='bbox 404 2655 599 2730; x_wconf 85' lang='lat' dir='ltr'><strong>videt,</strong></span> <span class='ocrx_word' id='word_1_198' title='bbox 647 2655 1165 2721; x_wconf 84' lang='lat' dir='ltr'><strong>commonefactis</strong></span> <span class='ocrx_word' id='word_1_199' title='bbox 1220 2661 1292 2720; x_wconf 92' lang='lat' dir='ltr'><strong>ut</strong></span> <span class='ocrx_word' id='word_1_200' title='bbox 1338 2655 1653 2738; x_wconf 88' lang='lat' dir='ltr'><strong>postridie</strong></span> <span class='ocrx_word' id='word_1_201' title='bbox 1713 2656 1986 2721; x_wconf 85' lang='lat' dir='ltr'><strong>redeant</strong></span> <span class='ocrx_word' id='word_1_202' title='bbox 2049 2656 2134 2720; x_wconf 90' lang='lat' dir='ltr'><strong>ad</strong></span> <span class='ocrx_word' id='word_1_203' title='bbox 2183 2656 2404 2722; x_wconf 85' lang='lat' dir='ltr'><strong>horam</strong></span> <span class='ocrx_word' id='word_1_204' title='bbox 2467 2657 2798 2735; x_wconf 81' lang='lat' dir='ltr'><strong>universis,</strong></span> 
     </span>
     <span class='ocr_line' id='line_1_26' title="bbox 404 2742 2800 2826; baseline 0.001 -19"><span class='ocrx_word' id='word_1_205' title='bbox 404 2743 767 2809; x_wconf 85' lang='lat' dir='ltr'><strong>concionem</strong></span> <span class='ocrx_word' id='word_1_206' title='bbox 816 2742 1121 2822; x_wconf 81' lang='lat' dir='ltr'><strong>dimittit3</strong></span> <span class='ocrx_word' id='word_1_207' title='bbox 1170 2744 1293 2823; x_wconf 91' lang='lat' dir='ltr'><strong>vel,</strong></span> <span class='ocrx_word' id='word_1_208' title='bbox 1340 2744 1395 2817; x_wconf 88' lang='lat' dir='ltr'><strong>si</strong></span> <span class='ocrx_word' id='word_1_209' title='bbox 1431 2760 1551 2826; x_wconf 86' lang='lat' dir='ltr'><strong>per</strong></span> <span class='ocrx_word' id='word_1_210' title='bbox 1597 2749 1850 2825; x_wconf 86' lang='lat' dir='ltr'><strong>tempus</strong></span> <span class='ocrx_word' id='word_1_211' title='bbox 1883 2745 2013 2809; x_wconf 89' lang='lat' dir='ltr'><strong>diei</strong></span> <span class='ocrx_word' id='word_1_212' title='bbox 2063 2743 2390 2809; x_wconf 83' lang='lat' dir='ltr'><strong>commode</strong></span> <span class='ocrx_word' id='word_1_213' title='bbox 2439 2743 2580 2811; x_wconf 84' lang='lat' dir='ltr'><strong>fieri</strong></span> <span class='ocrx_word' id='word_1_214' title='bbox 2615 2765 2800 2826; x_wconf 78' lang='lat' dir='ltr'><strong>posse</strong></span> 
     </span>
     <span class='ocr_line' id='line_1_27' title="bbox 402 2831 2798 2914; baseline 0.001 -18"><span class='ocrx_word' id='word_1_215' title='bbox 402 2832 631 2911; x_wconf 87' lang='lat' dir='ltr'><strong>cernit,</strong></span> <span class='ocrx_word' id='word_1_216' title='bbox 674 2833 993 2897; x_wconf 84' lang='lat' dir='ltr'><strong>actionem</strong></span> <span class='ocrx_word' id='word_1_217' title='bbox 1019 2831 1295 2896; x_wconf 82' lang='lat' dir='ltr'><strong>inchoat.</strong></span> <span class='ocrx_word' id='word_1_218' title='bbox 1343 2832 1555 2913; x_wconf 87' lang='lat' dir='ltr'><strong>Rogat</strong></span> <span class='ocrx_word' id='word_1_219' title='bbox 1577 2838 1794 2898; x_wconf 87' lang='lat' dir='ltr'><strong>autem</strong></span> <span class='ocrx_word' id='word_1_220' title='bbox 1818 2832 2142 2914; x_wconf 89' lang='lat' dir='ltr'><strong>principio</strong></span> <span class='ocrx_word' id='word_1_221' title='bbox 2167 2833 2550 2898; x_wconf 89' lang='lat' dir='ltr'><strong>sententiam</strong></span> <span class='ocrx_word' id='word_1_222' title='bbox 2579 2851 2798 2899; x_wconf 85' lang='lat' dir='ltr'><strong>omnes</strong></span> 
     </span>
     <span class='ocr_line' id='line_1_28' title="bbox 399 2919 2798 3002; baseline 0 -18"><span class='ocrx_word' id='word_1_223' title='bbox 399 2924 467 2984; x_wconf 92' lang='lat' dir='ltr'><strong>et</strong></span> <span class='ocrx_word' id='word_1_224' title='bbox 491 2921 835 3000; x_wconf 86' lang='lat' dir='ltr'><strong>cognoscit,</strong></span> <span class='ocrx_word' id='word_1_225' title='bbox 887 2919 1167 2985; x_wconf 89' lang='lat' dir='ltr'><strong>velintne</strong></span> <span class='ocrx_word' id='word_1_226' title='bbox 1200 2919 1641 3002; x_wconf 83' lang='lat' dir='ltr'><strong>expendendis</strong></span> <span class='ocrx_word' id='word_1_227' title='bbox 1673 2920 2016 3001; x_wconf 87' lang='lat' dir='ltr'><strong>postulatis</strong></span> <span class='ocrx_word' id='word_1_228' title='bbox 2049 2920 2246 3001; x_wconf 88' lang='lat' dir='ltr'><strong>regiis</strong></span> <span class='ocrx_word' id='word_1_229' title='bbox 2280 2920 2494 2987; x_wconf 87' lang='lat' dir='ltr'><strong>facere</strong></span> <span class='ocrx_word' id='word_1_230' title='bbox 2526 2919 2798 2998; x_wconf 90' lang='lat' dir='ltr'><strong>initium,</strong></span> 
     </span>
     <span class='ocr_line' id='line_1_29' title="bbox 400 3007 2798 3091; baseline 0.001 -20"><span class='ocrx_word' id='word_1_231' title='bbox 400 3013 515 3073; x_wconf 88' lang='lat' dir='ltr'><strong>aut</strong></span> <span class='ocrx_word' id='word_1_232' title='bbox 572 3007 853 3074; x_wconf 87' lang='lat' dir='ltr'><strong>habeant</strong></span> <span class='ocrx_word' id='word_1_233' title='bbox 912 3026 1033 3073; x_wconf 90' lang='lat' dir='ltr'><strong>nec</strong></span> <span class='ocrx_word' id='word_1_234' title='bbox 1090 3025 1171 3073; x_wconf 91' lang='lat' dir='ltr'><strong>ne</strong></span> <span class='ocrx_word' id='word_1_235' title='bbox 1235 3008 1501 3091; x_wconf 89' lang='lat' dir='ltr'><strong>aliquid,</strong></span> <span class='ocrx_word' id='word_1_236' title='bbox 1567 3007 1740 3089; x_wconf 89' lang='lat' dir='ltr'><strong>quod</strong></span> <span class='ocrx_word' id='word_1_237' title='bbox 1802 3007 2334 3074; x_wconf 85' lang='lat' dir='ltr'><strong>deliberationem</strong></span> <span class='ocrx_word' id='word_1_238' title='bbox 2394 3008 2476 3074; x_wconf 90' lang='lat' dir='ltr'><strong>de</strong></span> <span class='ocrx_word' id='word_1_239' title='bbox 2537 3008 2618 3074; x_wconf 89' lang='lat' dir='ltr'><strong>iis</strong></span> <span class='ocrx_word' id='word_1_240' title='bbox 2674 3028 2798 3074; x_wconf 89' lang='lat' dir='ltr'><strong>non</strong></span> 
     </span>
     <span class='ocr_line' id='line_1_30' title="bbox 398 3096 2798 3179; baseline 0.002 -21"><span class='ocrx_word' id='word_1_241' title='bbox 398 3099 645 3162; x_wconf 88' lang='lat' dir='ltr'><strong>temere</strong></span> <span class='ocrx_word' id='word_1_242' title='bbox 690 3114 807 3162; x_wconf 92' lang='lat' dir='ltr'><strong>nec</strong></span> <span class='ocrx_word' id='word_1_243' title='bbox 858 3096 1180 3162; x_wconf 90' lang='lat' dir='ltr'><strong>immerito</strong></span> <span class='ocrx_word' id='word_1_244' title='bbox 1227 3096 1433 3178; x_wconf 86' lang='lat' dir='ltr'><strong>possit</strong></span> <span class='ocrx_word' id='word_1_245' title='bbox 1476 3096 1846 3161; x_wconf 84' lang='lat' dir='ltr'><strong>remorari?</strong></span> <span class='ocrx_word' id='word_1_246' title='bbox 1895 3097 2133 3161; x_wconf 91' lang='lat' dir='ltr'><strong>Dicunt</strong></span> <span class='ocrx_word' id='word_1_247' title='bbox 2162 3098 2548 3163; x_wconf 89' lang='lat' dir='ltr'><strong>sententiam</strong></span> <span class='ocrx_word' id='word_1_248' title='bbox 2588 3098 2798 3179; x_wconf 89' lang='lat' dir='ltr'><strong>rogati</strong></span> 
     </span>
     <span class='ocr_line' id='line_1_31' title="bbox 398 3178 2794 3265; baseline 0 -17"><span class='ocrx_word' id='word_1_249' title='bbox 398 3182 643 3263; x_wconf 90' lang='lat' dir='ltr'><strong>ordine,</strong></span> <span class='ocrx_word' id='word_1_250' title='bbox 694 3184 983 3251; x_wconf 89' lang='lat' dir='ltr'><strong>Barones</strong></span> <span class='ocrx_word' id='word_1_251' title='bbox 1031 3183 1291 3265; x_wconf 91' lang='lat' dir='ltr'><strong>quidem</strong></span> <span class='ocrx_word' id='word_1_252' title='bbox 1336 3189 1405 3248; x_wconf 91' lang='lat' dir='ltr'><strong>et</strong></span> <span class='ocrx_word' id='word_1_253' title='bbox 1450 3185 1721 3264; x_wconf 88' lang='lat' dir='ltr'><strong>Equites</strong></span> <span class='ocrx_word' id='word_1_254' title='bbox 1771 3184 2026 3262; x_wconf 89' lang='lat' dir='ltr'><strong>viritim,</strong></span> <span class='ocrx_word' id='word_1_255' title='bbox 2077 3185 2387 3251; x_wconf 84' lang='lat' dir='ltr'><strong>Civitates</strong></span> <span class='ocrx_word' id='word_1_256' title='bbox 2432 3204 2585 3251; x_wconf 87' lang='lat' dir='ltr'><strong>vero</strong></span> <span class='ocrx_word' id='word_1_257' title='bbox 2645 3178 2794 3262; x_wconf 88' lang='lat' dir='ltr'><strong>(nisi</strong></span> 
     </span>
     <span class='ocr_line' id='line_1_32' title="bbox 398 3271 2796 3353; baseline 0.002 -18"><span class='ocrx_word' id='word_1_258' title='bbox 398 3271 554 3350; x_wconf 88' lang='lat' dir='ltr'><strong>quid</strong></span> <span class='ocrx_word' id='word_1_259' title='bbox 618 3272 863 3337; x_wconf 89' lang='lat' dir='ltr'><strong>incidat</strong></span> <span class='ocrx_word' id='word_1_260' title='bbox 928 3289 1119 3352; x_wconf 91' lang='lat' dir='ltr'><strong>quam</strong></span> <span class='ocrx_word' id='word_1_261' title='bbox 1180 3271 1261 3338; x_wconf 91' lang='lat' dir='ltr'><strong>ob</strong></span> <span class='ocrx_word' id='word_1_262' title='bbox 1312 3291 1451 3339; x_wconf 90' lang='lat' dir='ltr'><strong>rem</strong></span> <span class='ocrx_word' id='word_1_263' title='bbox 1502 3291 1541 3337; x_wconf 91' lang='lat' dir='ltr'><strong>a</strong></span> <span class='ocrx_word' id='word_1_264' title='bbox 1586 3273 1905 3353; x_wconf 60' lang='lat' dir='ltr'><strong>Beronum</strong></span> <span class='ocrx_word' id='word_1_265' title='bbox 1955 3271 2054 3337; x_wconf 89' lang='lat' dir='ltr'><strong>vel</strong></span> <span class='ocrx_word' id='word_1_266' title='bbox 2103 3272 2408 3352; x_wconf 84' lang='lat' dir='ltr'><strong>Equitum</strong></span> <span class='ocrx_word' id='word_1_267' title='bbox 2459 3274 2796 3341; x_wconf 86' lang='lat' dir='ltr'><strong>sententiis</strong></span> 
     </span>
     <span class='ocr_line' id='line_1_33' title="bbox 406 3352 2797 3443; baseline 0.002 -21"><span class='ocrx_word' id='word_1_268' title='bbox 406 3358 753 3425; x_wconf 88' lang='lat' dir='ltr'><strong>dissentire</strong></span> <span class='ocrx_word' id='word_1_269' title='bbox 800 3352 1129 3443; x_wconf 79' lang='lat' dir='ltr'><strong>oporteat)</strong></span> <span class='ocrx_word' id='word_1_270' title='bbox 1190 3364 1337 3441; x_wconf 86' lang='lat' dir='ltr'><strong>post</strong></span> <span class='ocrx_word' id='word_1_271' title='bbox 1396 3358 1627 3425; x_wconf 87' lang='lat' dir='ltr'><strong>collata</strong></span> <span class='ocrx_word' id='word_1_272' title='bbox 1689 3360 1860 3425; x_wconf 89' lang='lat' dir='ltr'><strong>inter</strong></span> <span class='ocrx_word' id='word_1_273' title='bbox 1905 3380 1975 3425; x_wconf 85' lang='lat' dir='ltr'><strong>se</strong></span> <span class='ocrx_word' id='word_1_274' title='bbox 2025 3360 2254 3441; x_wconf 84' lang='lat' dir='ltr'><strong>capita.</strong></span> <span class='ocrx_word' id='word_1_275' title='bbox 2321 3359 2630 3427; x_wconf 84' lang='lat' dir='ltr'><strong>collectim</strong></span> <span class='ocrx_word' id='word_1_276' title='bbox 2678 3380 2797 3443; x_wconf 84' lang='lat' dir='ltr'><strong>per</strong></span> 
     </span>
     <span class='ocr_line' id='line_1_34' title="bbox 404 3446 2794 3530; baseline 0.001 -20"><span class='ocrx_word' id='word_1_277' title='bbox 404 3446 667 3513; x_wconf 82' lang='lat' dir='ltr'><strong>Veteris</strong></span> <span class='ocrx_word' id='word_1_278' title='bbox 688 3448 943 3530; x_wconf 86' lang='lat' dir='ltr'><strong>Pragae</strong></span> <span class='ocrx_word' id='word_1_279' title='bbox 970 3448 1439 3514; x_wconf 86' lang='lat' dir='ltr'><strong>cancellarium.</strong></span> <span class='ocrx_word' id='word_1_280' title='bbox 1468 3449 1555 3513; x_wconf 90' lang='lat' dir='ltr'><strong>Et</strong></span> <span class='ocrx_word' id='word_1_281' title='bbox 1580 3466 1944 3529; x_wconf 85' lang='lat' dir='ltr'><strong>quanquam</strong></span> <span class='ocrx_word' id='word_1_282' title='bbox 1971 3449 2228 3529; x_wconf 86' lang='lat' dir='ltr'><strong>negotia</strong></span> <span class='ocrx_word' id='word_1_283' title='bbox 2249 3448 2646 3529; x_wconf 85' lang='lat' dir='ltr'><strong>reipublicae</strong></span> <span class='ocrx_word' id='word_1_284' title='bbox 2670 3468 2794 3514; x_wconf 90' lang='lat' dir='ltr'><strong>non</strong></span> 
     </span>
     <span class='ocr_line' id='line_1_35' title="bbox 402 3531 2858 3619; baseline 0.002 -22"><span class='ocrx_word' id='word_1_285' title='bbox 402 3531 525 3599; x_wconf 88' lang='lat' dir='ltr'><strong>nisi</strong></span> <span class='ocrx_word' id='word_1_286' title='bbox 566 3541 715 3617; x_wconf 89' lang='lat' dir='ltr'><strong>post</strong></span> <span class='ocrx_word' id='word_1_287' title='bbox 742 3536 1115 3618; x_wconf 86' lang='lat' dir='ltr'><strong>expeditam</strong></span> <span class='ocrx_word' id='word_1_288' title='bbox 1163 3536 1244 3601; x_wconf 89' lang='lat' dir='ltr'><strong>de</strong></span> <span class='ocrx_word' id='word_1_289' title='bbox 1290 3535 1626 3619; x_wconf 88' lang='lat' dir='ltr'><strong>postulatis</strong></span> <span class='ocrx_word' id='word_1_290' title='bbox 1671 3536 1874 3616; x_wconf 89' lang='lat' dir='ltr'><strong>regiis</strong></span> <span class='ocrx_word' id='word_1_291' title='bbox 1921 3536 2458 3602; x_wconf 86' lang='lat' dir='ltr'><strong>deliberationem</strong></span> <span class='ocrx_word' id='word_1_292' title='bbox 2506 3539 2794 3617; x_wconf 85' lang='lat' dir='ltr'><strong>tractari,</strong></span> <span class='ocrx_word' id='word_1_293' title='bbox 2847 3536 2858 3547; x_wconf 86' lang='lat'><em>&#39;</em></span> 
     </span>
     <span class='ocr_line' id='line_1_36' title="bbox 401 3618 2801 3705; baseline 0.003 -20"><span class='ocrx_word' id='word_1_294' title='bbox 401 3621 505 3688; x_wconf 84' lang='lat' dir='ltr'><strong>lex</strong></span> <span class='ocrx_word' id='word_1_295' title='bbox 567 3641 731 3690; x_wconf 83' lang='lat' dir='ltr'><strong>nova</strong></span> <span class='ocrx_word' id='word_1_296' title='bbox 785 3624 973 3705; x_wconf 80' lang='lat' dir='ltr'><strong>J&#39;ubet</strong></span> <span class='ocrx_word' id='word_1_297' title='bbox 1022 3618 1089 3703; x_wconf 89' lang='lat'><strong>ยน),</strong></span> <span class='ocrx_word' id='word_1_298' title='bbox 1156 3644 1307 3690; x_wconf 89' lang='lat' dir='ltr'><strong>usus</strong></span> <span class='ocrx_word' id='word_1_299' title='bbox 1372 3632 1582 3689; x_wconf 89' lang='lat' dir='ltr'><strong>tamen</strong></span> <span class='ocrx_word' id='word_1_300' title='bbox 1646 3631 1716 3689; x_wconf 88' lang='lat' dir='ltr'><strong>et</strong></span> <span class='ocrx_word' id='word_1_301' title='bbox 1775 3628 1924 3688; x_wconf 86' lang='lat' dir='ltr'><strong>ante</strong></span> <span class='ocrx_word' id='word_1_302' title='bbox 1987 3629 2055 3688; x_wconf 94' lang='lat' dir='ltr'><strong>et</strong></span> <span class='ocrx_word' id='word_1_303' title='bbox 2112 3636 2256 3705; x_wconf 87' lang='lat' dir='ltr'><strong>post</strong></span> <span class='ocrx_word' id='word_1_304' title='bbox 2315 3632 2532 3689; x_wconf 84' lang='lat' dir='ltr'><strong>natam</strong></span> <span class='ocrx_word' id='word_1_305' title='bbox 2593 3623 2801 3705; x_wconf 89' lang='lat' dir='ltr'><strong>legem</strong></span> 
     </span>
     <span class='ocr_line' id='line_1_37' title="bbox 395 3710 2797 3796; baseline 0.001 -21"><span class='ocrx_word' id='word_1_306' title='bbox 395 3710 568 3777; x_wconf 88' lang='lat' dir='ltr'><strong>hanc</strong></span> <span class='ocrx_word' id='word_1_307' title='bbox 586 3712 883 3793; x_wconf 90' lang='lat' dir='ltr'><strong>obtinuit,</strong></span> <span class='ocrx_word' id='word_1_308' title='bbox 932 3719 1003 3778; x_wconf 92' lang='lat' dir='ltr'><strong>ut</strong></span> <span class='ocrx_word' id='word_1_309' title='bbox 1046 3714 1102 3777; x_wconf 89' lang='lat' dir='ltr'><strong>si</strong></span> <span class='ocrx_word' id='word_1_310' title='bbox 1148 3712 1298 3793; x_wconf 90' lang='lat' dir='ltr'><strong>quid</strong></span> <span class='ocrx_word' id='word_1_311' title='bbox 1349 3717 1671 3792; x_wconf 87' lang='lat' dir='ltr'><strong>occurrat,</strong></span> <span class='ocrx_word' id='word_1_312' title='bbox 1721 3711 1890 3793; x_wconf 90' lang='lat' dir='ltr'><strong>quod</strong></span> <span class='ocrx_word' id='word_1_313' title='bbox 1937 3712 2036 3777; x_wconf 87' lang='lat' dir='ltr'><strong>vel</strong></span> <span class='ocrx_word' id='word_1_314' title='bbox 2089 3712 2548 3793; x_wconf 85' lang='lat' dir='ltr'><strong>rempublicam</strong></span> <span class='ocrx_word' id='word_1_315' title='bbox 2581 3714 2797 3796; x_wconf 88' lang='lat' dir='ltr'><strong>populi</strong></span> 
     </span>
     <span class='ocr_line' id='line_1_38' title="bbox 400 3800 2795 3882; baseline 0.001 -20"><span class='ocrx_word' id='word_1_316' title='bbox 400 3800 772 3865; x_wconf 85' lang='lat' dir='ltr'><strong>universam</strong></span> <span class='ocrx_word' id='word_1_317' title='bbox 839 3800 937 3866; x_wconf 90' lang='lat' dir='ltr'><strong>vel</strong></span> <span class='ocrx_word' id='word_1_318' title='bbox 1001 3801 1311 3866; x_wconf 88' lang='lat' dir='ltr'><strong>Ordinem</strong></span> <span class='ocrx_word' id='word_1_319' title='bbox 1386 3800 1663 3881; x_wconf 86' lang='lat' dir='ltr'><strong>aliquem</strong></span> <span class='ocrx_word' id='word_1_320' title='bbox 1734 3800 1998 3865; x_wconf 88' lang='lat' dir='ltr'><strong>seorsim</strong></span> <span class='ocrx_word' id='word_1_321' title='bbox 2071 3801 2421 3882; x_wconf 85' lang='lat' dir='ltr'><strong>contingat,</strong></span> <span class='ocrx_word' id='word_1_322' title='bbox 2494 3800 2795 3881; x_wconf 81' lang='lat' dir='ltr'><strong>qu&#39;usque</strong></span> 
     </span>
     <span class='ocr_line' id='line_1_39' title="bbox 393 3886 2796 3971; baseline 0.002 -21"><span class='ocrx_word' id='word_1_323' title='bbox 393 3904 515 3952; x_wconf 90' lang='lat' dir='ltr'><strong>nec</strong></span> <span class='ocrx_word' id='word_1_324' title='bbox 574 3886 919 3955; x_wconf 85' lang='lat' dir='ltr'><strong>difficultas</strong></span> <span class='ocrx_word' id='word_1_325' title='bbox 980 3888 1169 3955; x_wconf 84' lang='lat' dir='ltr'><strong>facile</strong></span> <span class='ocrx_word' id='word_1_326' title='bbox 1220 3888 1531 3971; x_wconf 86' lang='lat' dir='ltr'><strong>expediri,</strong></span> <span class='ocrx_word' id='word_1_327' title='bbox 1578 3906 1699 3954; x_wconf 88' lang='lat' dir='ltr'><strong>nec</strong></span> <span class='ocrx_word' id='word_1_328' title='bbox 1742 3888 2046 3967; x_wconf 85' lang='lat' dir='ltr'><strong>iniquitas</strong></span> <span class='ocrx_word' id='word_1_329' title='bbox 2093 3888 2330 3957; x_wconf 89' lang='lat' dir='ltr'><strong>diutius</strong></span> <span class='ocrx_word' id='word_1_330' title='bbox 2375 3888 2534 3953; x_wconf 84' lang='lat' dir='ltr'><strong>ferri</strong></span> <span class='ocrx_word' id='word_1_331' title='bbox 2583 3895 2796 3970; x_wconf 84' lang='lat' dir='ltr'><strong>queat,</strong></span> 
     </span>
     <span class='ocr_line' id='line_1_40' title="bbox 394 3977 2794 4059; baseline 0.001 -20"><span class='ocrx_word' id='word_1_332' title='bbox 394 3980 829 4057; x_wconf 83' lang='lat' dir='ltr'><strong>anteponatur</strong></span> <span class='ocrx_word' id='word_1_333' title='bbox 895 3977 1032 4057; x_wconf 86' lang='lat' dir='ltr'><strong>ejus</strong></span> <span class='ocrx_word' id='word_1_334' title='bbox 1102 3978 1445 4058; x_wconf 85' lang='lat' dir='ltr'><strong>explicatio</strong></span> <span class='ocrx_word' id='word_1_335' title='bbox 1514 3979 1988 4059; x_wconf 85' lang='lat' dir='ltr'><strong>propositorum</strong></span> <span class='ocrx_word' id='word_1_336' title='bbox 2051 3996 2092 4041; x_wconf 90' lang='lat' dir='ltr'><strong>a</strong></span> <span class='ocrx_word' id='word_1_337' title='bbox 2149 3977 2329 4058; x_wconf 89' lang='lat' dir='ltr'><strong>Rege</strong></span> <span class='ocrx_word' id='word_1_338' title='bbox 2391 3978 2794 4059; x_wconf 90' lang='lat' dir='ltr'><strong>negotiorum</strong></span> 
     </span>
     <span class='ocr_line' id='line_1_41' title="bbox 390 4064 2792 4148; baseline 0.002 -21"><span class='ocrx_word' id='word_1_339' title='bbox 390 4064 793 4145; x_wconf 87' lang='lat' dir='ltr'><strong>tractationi,</strong></span> <span class='ocrx_word' id='word_1_340' title='bbox 865 4066 1160 4146; x_wconf 86' lang='lat' dir='ltr'><strong>Regique</strong></span> <span class='ocrx_word' id='word_1_341' title='bbox 1231 4064 1663 4148; x_wconf 84' lang='lat' dir='ltr'><strong>supplicetur,</strong></span> <span class='ocrx_word' id='word_1_342' title='bbox 1735 4069 1808 4130; x_wconf 87' lang='lat' dir='ltr'><strong>nt</strong></span> <span class='ocrx_word' id='word_1_343' title='bbox 1875 4070 2023 4129; x_wconf 87' lang='lat' dir='ltr'><strong>ante</strong></span> <span class='ocrx_word' id='word_1_344' title='bbox 2091 4066 2304 4130; x_wconf 88' lang='lat' dir='ltr'><strong>omnia</strong></span> <span class='ocrx_word' id='word_1_345' title='bbox 2372 4066 2617 4144; x_wconf 91' lang='lat' dir='ltr'><strong>morbo,</strong></span> <span class='ocrx_word' id='word_1_346' title='bbox 2689 4067 2792 4146; x_wconf 88' lang='lat' dir='ltr'><strong>qui</strong></span> 
     </span>
     <span class='ocr_line' id='line_1_42' title="bbox 391 4151 2792 4235; baseline 0 -18"><span class='ocrx_word' id='word_1_347' title='bbox 391 4151 611 4234; x_wconf 89' lang='lat' dir='ltr'><strong>populi</strong></span> <span class='ocrx_word' id='word_1_348' title='bbox 659 4153 865 4219; x_wconf 89' lang='lat' dir='ltr'><strong>omnis</strong></span> <span class='ocrx_word' id='word_1_349' title='bbox 904 4152 1145 4232; x_wconf 89' lang='lat' dir='ltr'><strong>judicio</strong></span> <span class='ocrx_word' id='word_1_350' title='bbox 1197 4154 1296 4219; x_wconf 92' lang='lat' dir='ltr'><strong>vel</strong></span> <span class='ocrx_word' id='word_1_351' title='bbox 1344 4153 1742 4235; x_wconf 88' lang='lat' dir='ltr'><strong>reipublicae</strong></span> <span class='ocrx_word' id='word_1_352' title='bbox 1789 4152 1909 4218; x_wconf 89' lang='lat' dir='ltr'><strong>toti</strong></span> <span class='ocrx_word' id='word_1_353' title='bbox 1955 4152 2055 4217; x_wconf 86' lang='lat' dir='ltr'><strong>vel</strong></span> <span class='ocrx_word' id='word_1_354' title='bbox 2091 4154 2319 4219; x_wconf 82' lang='lat' dir='ltr'><strong>Ordini</strong></span> <span class='ocrx_word' id='word_1_355' title='bbox 2368 4153 2516 4219; x_wconf 89' lang='lat' dir='ltr'><strong>huic</strong></span> <span class='ocrx_word' id='word_1_356' title='bbox 2555 4159 2668 4218; x_wconf 84' lang='lat' dir='ltr'><strong>aut</strong></span> <span class='ocrx_word' id='word_1_357' title='bbox 2697 4152 2792 4219; x_wconf 85' lang='lat' dir='ltr'><strong>illi</strong></span> 
     </span>
    </p>

    <p class='ocr_par' dir='ltr' id='par_1_4' title="bbox 351 4240 2794 4412">
     <span class='ocr_line' id='line_1_43' title="bbox 351 4240 2791 4323; baseline 0.001 -19"><span class='ocrx_word' id='word_1_358' title='bbox 351 4240 791 4319; x_wconf 67' lang='lat' dir='ltr'><strong>perniciosus</strong></span> <span class='ocrx_word' id='word_1_359' title='bbox 859 4248 959 4307; x_wconf 88' lang='lat' dir='ltr'><strong>est</strong></span> <span class='ocrx_word' id='word_1_360' title='bbox 1019 4260 1095 4307; x_wconf 88' lang='lat' dir='ltr'><strong>ac</strong></span> <span class='ocrx_word' id='word_1_361' title='bbox 1151 4243 1387 4323; x_wconf 87' lang='lat' dir='ltr'><strong>gravis,</strong></span> <span class='ocrx_word' id='word_1_362' title='bbox 1460 4240 1704 4307; x_wconf 81' lang='lat' dir='ltr'><strong>mederi</strong></span> <span class='ocrx_word' id='word_1_363' title='bbox 1766 4259 1890 4306; x_wconf 90' lang='lat' dir='ltr'><strong>non</strong></span> <span class='ocrx_word' id='word_1_364' title='bbox 1948 4240 2364 4321; x_wconf 89' lang='lat' dir='ltr'><strong>dedignetur,</strong></span> <span class='ocrx_word' id='word_1_365' title='bbox 2434 4242 2528 4306; x_wconf 92' lang='lat' dir='ltr'><strong>ita</strong></span> <span class='ocrx_word' id='word_1_366' title='bbox 2589 4249 2659 4307; x_wconf 92' lang='lat' dir='ltr'><strong>ut</strong></span> <span class='ocrx_word' id='word_1_367' title='bbox 2717 4261 2791 4307; x_wconf 87' lang='lat' dir='ltr'><strong>eo</strong></span> 
     </span>
     <span class='ocr_line' id='line_1_44' title="bbox 382 4329 2794 4412; baseline 0.001 -21"><span class='ocrx_word' id='word_1_368' title='bbox 382 4332 635 4395; x_wconf 87' lang='lat' dir='ltr'><strong>remoto</strong></span> <span class='ocrx_word' id='word_1_369' title='bbox 656 4381 671 4408; x_wconf 95' lang='lat'><strong>,</strong></span> <span class='ocrx_word' id='word_1_370' title='bbox 740 4334 923 4395; x_wconf 89' lang='lat' dir='ltr'><strong>tanto</strong></span> <span class='ocrx_word' id='word_1_371' title='bbox 982 4329 1249 4411; x_wconf 87' lang='lat' dir='ltr'><strong>posthac</strong></span> <span class='ocrx_word' id='word_1_372' title='bbox 1313 4330 1589 4395; x_wconf 88' lang='lat' dir='ltr'><strong>alacrius</strong></span> <span class='ocrx_word' id='word_1_373' title='bbox 1654 4330 2074 4407; x_wconf 88' lang='lat' dir='ltr'><strong>securiusque</strong></span> <span class='ocrx_word' id='word_1_374' title='bbox 2140 4330 2476 4412; x_wconf 89' lang='lat' dir='ltr'><strong>proposita</strong></span> <span class='ocrx_word' id='word_1_375' title='bbox 2536 4330 2794 4411; x_wconf 89' lang='lat' dir='ltr'><strong>negotia</strong></span> 
     </span>
    </p>
   </div>
   <div class='ocr_carea' id='block_1_3' title="bbox 423 4458 799 4468">
    <p class='ocr_par' dir='ltr' id='par_1_5' title="bbox 423 4458 799 4468">
     <span class='ocr_line' id='line_1_45' title="bbox 423 4458 799 4468; baseline 0 0"><span class='ocrx_word' id='word_1_376' title='bbox 423 4458 799 4468; x_wconf 95' lang='lat' dir='ltr'><strong> </strong></span> 
     </span>
    </p>
   </div>
   <div class='ocr_carea' id='block_1_4' title="bbox 578 4518 1231 4586">
    <p class='ocr_par' dir='ltr' id='par_1_6' title="bbox 578 4518 1231 4586">
     <span class='ocr_line' id='line_1_46' title="bbox 578 4518 1231 4586; baseline 0.002 -12"><span class='ocrx_word' id='word_1_377' title='bbox 578 4520 623 4586; x_wconf 80' lang='lat'><strong>ยน)</strong></span> <span class='ocrx_word' id='word_1_378' title='bbox 662 4518 851 4575; x_wconf 90' lang='lat' dir='ltr'><strong>Comit.</strong></span> <span class='ocrx_word' id='word_1_379' title='bbox 892 4536 1015 4576; x_wconf 84' lang='lat' dir='ltr'><strong>ann.</strong></span> <span class='ocrx_word' id='word_1_380' title='bbox 1073 4525 1231 4579; x_wconf 80' lang='lat'><strong>1610.</strong></span> 
     </span>
    </p>
   </div>
  </div>
 </body>
</html>
