3350 5050
630 453 759 524 238
1672 455 1943 512 Stranskii

608 593 893 656 Barones
954 597 1105 656 sunt
1159 595 1463 670 tanquam
1525 593 1780 674 patriae
1836 599 2056 674 patres
2113 594 2458 675 praefecti3
2521 593 2787 660 militiae
2831 612 2990 660 vero

605 681 923 760 equestris
997 677 1254 759 studiis,
1342 697 1663 745 armorum
1739 684 2144 759 tractationi,
2234 681 2466 749 finibus
2551 682 2994 763 defendendiS‚

606 767 893 833 hostibus
954 786 995 832 a
1060 767 1262 833 limite
1320 769 1641 849 arcendis,
1709 770 2016 850 pacisque
2075 771 2367 853 publicae
2423 770 2866 837 turbatoribus
2930 777 3001 836 et

608 862 913 936 acceptae
984 875 1025 919 a
1092 855 1441 936 majoribus
1510 856 1834 923 libertatis
1913 859 2252 939 legumque
2325 859 2742 925 violatoribus
2817 858 2992 924 ferro

604 944 997 1024 coercencli8‚
1046 945 1317 1024 Equites
1350 943 1656 1010 destinati
1695 937 1774 1024 ¹);
1825 947 1995 1010 vitae
2025 947 2304 1027 denique
2335 947 2666 1013 commode
2699 947 2994 1026 agendae

610 1031 832 1097 mediis
878 1033 1346 1114 comparandis,
1394 1035 1794 1098 commerciis
1841 1035 2262 1114 quaestuosis
2331 1035 2994 1117 negotiationibusque

606 1119 933 1199 quibusvis
1000 1121 1301 1186 curandis
1336 1139 1448 1186 -ac
1514 1119 1785 1201 opificiis
1851 1122 2172 1188 discendis
2235 1122 2427 1189 Cives
2492 1123 2794 1189 instituti.
2861 1123 2992 1188 Ea-

610 1215 872 1290 propter
924 1208 1362 1275 habitantibus
1424 1211 1697 1290 sparsim
1757 1212 1824 1274 in
1879 1211 2156 1291 arcibuS,
2219 1211 2520 1290 castellis,
2584 1210 2768 1291 villis,
2835 1229 2997 1290 ager

611 1295 907 1372 Bojemus
974 1298 1334 1363 Baronibus
1400 1297 1714 1376 primum,
1791 1303 1861 1362 et
1926 1303 2152 1379 postea
2219 1300 2564 1378 Equitibus
2633 1316 2886 1379 quoque
2955 1319 2994 1364 a

610 1384 985 1466 Nezamyslo
1048 1387 1335 1465 principe
1394 1386 1812 1466 proportione
1874 1389 2269 1467 geometrica
2331 1388 2452 1454 fuit
2495 1386 2880 1452 distributus
2925 1392 2996 1452 et

606 1490 905 1538 manuum
951 1479 1345 1538 mortuarum
1392 1471 1527 1536 sive
1573 1472 1941 1540 colonorum
1985 1474 2213 1554 glebae
2261 1477 2732 1555 adscriptorum
2773 1481 2991 1539 certus

608 1579 907 1626 numerus
957 1561 1163 1640 datus,
1226 1568 1296 1626 ut
1340 1560 1599 1626 abducti
1646 1581 1688 1627 a
1731 1561 1992 1628 solicitis
2035 1563 2101 1628 in
2151 1565 2524 1644 quaerenda
2575 1579 2650 1628 re
2693 1560 2996 1628 familiari
3103 1557 3113 1566 ’

608 1650 1151 1728 occupationibus„
1208 1667 1349 1715 cum
1396 1648 1778 1714 famulitium
1823 1652 2037 1731 operis
2079 1653 2492 1734 praestandis
2535 1650 2994 1728 necessarium,

608 1742 741 1800 tum
811 1735 1190 1814 ordinarios,
1260 1739 1367 1818 ‘lui
1436 1737 1607 1801 vitae
1675 1736 2034 1804 luculenter
2101 1741 2384 1806 tuendae
2445 1737 2688 1804 affatim
2757 1746 2994 1817 essent,

609 1824 859 1889 reditus
904 1842 982 1888 ac
1025 1833 1372 1906 proventus
1416 1825 1567 1890 inde
1597 1825 1865 1904 habere,
1913 1831 1978 1892 et
2023 1845 2142 1908 pro
2183 1830 2514 1894 vocatione
2559 1827 2825 1908 quisque
2855 1843 2995 1904 sua,

610 1913 1000 1992 reipublicae
1033 1915 1469 1994 principisque
1494 1915 1591 1978 sui
1616 1913 1963 1980 commodis
1989 1915 2328 1998 invigilare
2351 1917 2468 1981 toti
2494 1920 2774 1996 possent.
2821 1913 2992 1978 Civi-

611 2001 729 2066 bus
756 2019 928 2081 vero,
980 2004 1298 2081 utcunque
1328 2003 1579 2066 occulta
1608 2008 1675 2066 et
1707 2004 1889 2082 quasi
1915 2003 2108 2070 insita
2133 2005 2306 2085 apud
2331 2003 2730 2069 nobilitatem
2753 2002 2994 2066 invidia

612 2089 1069 2170 despicatuque
1098 2089 1541 2168 flagrantibus,
1588 2094 1806 2155 tamen
1855 2096 1924 2156 ut
1969 2093 2254 2158 membro
2287 2089 2770 2156 Communitatis
2809 2090 2993 2167 regni

608 2177 853 2259 BoJ‘emi
882 2177 1215 2256 insigniori
1247 2169 1321 2253 ²),
1368 2195 1447 2242 ac
1480 2178 1651 2257 quod
1681 2175 1934 2243 firmum
1969 2179 2251 2246 tuendae
2282 2179 2640 2261 principum
2664 2177 2994 2257 dignitatis

609 2264 881 2331 fulcrum
930 2283 1189 2346 semper
1233 2271 1333 2330 est
1380 2265 1689 2345 habitum,
1735 2274 1802 2332 et
1847 2267 1908 2331 in
1959 2287 2085 2348 quo
2125 2267 2260 2349 J‘am
2308 2268 2456 2332 olim
2504 2267 2747 2348 primas
2783 2265 2995 2330 solent

610 2361 833 2420 tenere
857 2354 1177 2435 permulti,
1220 2355 1324 2433 qui
1349 2355 1587 2419 virtute
1614 2361 1682 2418 et
1703 2355 2197 2435 impensioribus
2218 2356 2284 2420 in
2309 2355 2551 2436 Regem
2576 2359 2772 2434 atque
2799 2354 2990 2418 Rem-

608 2440 931 2523 publicam
964 2441 1213 2520 studiis,
1263 2441 1668 2525 splendorem
1703 2442 1826 2507 sibi
1857 2444 2142 2524 equestri
2175 2442 2314 2508 loco
2347 2461 2470 2508 non
2505 2441 2704 2506 multo
2732 2440 2994 2506 inferio-

618 2548 757 2595 rem
809 2538 1284 2612 compararunt,
1332 2531 1682 2611 generique
1729 2548 1842 2596 suo
1889 2550 1962 2596 ac
1993 2533 2355 2613 posteritati
2401 2532 2592 2610 omni,
2639 2549 2720 2596 ex
2748 2530 2995 2609 Regum

614 2616 1048 2684 munificentia
1068 2614 1331 2695 ἐπίσημα
1352 2619 1487 2683 sive
1514 2616 1794 2684 familiae
1819 2620 2094 2699 insignia
2118 2620 2466 2701 peculiaria
2482 2622 2998 2701 promeruerunt,

612 2711 681 2771 et
738 2708 844 2786 qui
908 2707 1159 2787 legibus
1214 2708 1451 2771 nost-ris
1504 2697 1556 2785 ⁸)
1606 2706 1864 2790 paneae
1909 2707 2034 2772 dici
2071 2707 2402 2789 jubentur,
2462 2708 2606 2773 loca
2651 2704 3000 2771 condendis

615 2793 884 2859 urbibus
908 2802 1271 2877 opportuna
1294 2799 1445 2859 suut
1470 2794 1818 2873 assignata,
1864 2796 2504 2876 immunitatibusque
2527 2792 2999 2875 praerogativis

612 2888 681 2948 et
708 2884 1223 2963 exemptionibus
1255 2880 1588 2963 permultis
1620 2889 1872 2959 ornata,
1906 2883 1968 2948 in
2003 2884 2251 2963 quibus,
2281 2885 2592 2948 adversus
2625 2883 2750 2947 vim
2781 2884 2998 2945 exter-

618 2987 765 3035 nam
815 2972 1215 3036 communitis
1260 2970 1401 3047 tuti,
1448 2971 1646 3035 larem
1681 2968 1903 3051 figere,
1953 2972 2288 3051 augendae
2337 2969 2734 3036 commerciis
2767 2984 2996 3048 quaes-

614 3064 812 3138 tuque
872 3056 1137 3123 honesto
1198 3059 1293 3122 rei
1338 3056 1635 3122 familiari
1693 3076 1954 3139 operam
2005 3058 2184 3139 dare,
2241 3056 2494 3140 opificia
2539 3057 2874 3123 manuaria
2931 3062 3002 3119 et

611 3146 901 3213 lucrosas
946 3164 1382 3228 operosasque
1446 3145 1724 3225 cujusvis
1783 3148 2042 3227 generis
2099 3155 2276 3214 artes
2333 3164 2662 3225 exercere,
2723 3142 3002 3226 principi

613 3234 891 3313 denique
947 3252 1025 3297 ex
1089 3240 1356 3314 quaestu
1416 3250 1539 3297 suo
1594 3252 1902 3299 canonem
1967 3252 2244 3299 annuum
2303 3236 2368 3299 in
2428 3234 2646 3299 fiscum
2705 3233 2998 3313 pendere

612 3328 877 3403 possent
907 3328 1104 3403 atque
1129 3322 1235 3404 jus
1266 3321 1602 3387 baberent.
1658 3321 1964 3387 Feliciter
2005 3325 2218 3403 cessit,
2269 3322 2564 3402 utilisque
2603 3319 3000 3401 reipublicae

612 3428 1004 3491 magnopere
1065 3411 1217 3475 olim
1277 3408 1396 3473 fuit
1440 3410 1904 3490 Nezamyslaea
1963 3408 2122 3475 baec
2167 3410 2504 3477 ordinatio.
2566 3408 2823 3474 Etenim
2867 3412 3000 3471 tam

615 3498 786 3563 cives
810 3496 1103 3579 ordoque
1130 3503 1449 3579 equester,
1500 3515 1688 3577 quam
1715 3515 2022 3579 proceres
2045 3496 2322 3563 officium
2353 3497 2630 3563 solerter
2655 3496 3002 3574 faciebant,

614 3586 965 3668 principem
1048 3586 1367 3661 colebant,
1433 3586 1710 3666 patriam
1781 3586 2136 3665 ornabant,
2207 3585 2463 3651 colonos
2523 3586 2794 3665 quisque
2851 3600 3004 3649 suos

616 3674 935 3753 amabant,
997 3675 1355 3740 ministeria
1415 3673 1496 3737 ab
1555 3674 1653 3751 iiS‚
1717 3691 1968 3755 operas,
2033 3674 2628 3754 praestationesque
2687 3676 3001 3750 caeteras,

613 3762 862 3827 nonnisi
914 3762 1285 3828 moderatas
1340 3762 1686 3841 exigentes.
1753 3760 1932 3839 Quae
1977 3766 2192 3827 tamen
2237 3779 2318 3826 ne
2365 3762 2686 3842 gratuitae
2735 3776 3001 3841 prorsus

612 3858 831 3917 essent
879 3850 977 3916 vel
1024 3869 1215 3915 manu
1260 3850 1463 3915 invita
1506 3856 2020 3930 praestarentur,
2069 3849 2282 3931 agelli,
2342 3869 2420 3914 ex
2465 3866 2591 3929 quo
2635 3849 2760 3930 ipsi
2804 3846 3000 3913 etiam

615 3938 819 4003 coloni
867 3956 1005 4005 rem
1050 3957 1171 4020 pro
1216 3956 1288 4003 se
1334 3937 1718 4003 familiarem
1763 3945 2031 4018 possent
2073 3956 2469 4021 compa-rare,
2531 3935 3000 4017 portiunculam

616 4027 845 4107 cuique
875 4027 957 4092 de
988 4045 1103 4092 suo
1134 4026 1569 4106 assignabant.
1618 4026 1796 4091 Lene
1825 4026 2022 4107 igitur
2066 4030 2200 4091 tum
2233 4044 2308 4090 ac
2352 4044 2665 4107 perquam
2699 4023 2999 4089 modera-

614 4122 747 4181 tum
794 4120 938 4180 erat
984 4116 1149 4181 sicut
1192 4114 1503 4196 principis
1546 4114 1610 4179 in
1659 4114 2080 4190 nobilitatem,
2127 4114 2220 4180 ita
2255 4113 2608 4179 nobilitatis
2637 4114 2707 4177 in
2741 4117 3000 4192 agreste

617 4204 845 4283 vulgus
890 4202 1247 4284 imperium.
1296 4202 1477 4281 Quod
1525 4221 1681 4269 vero
1730 4220 2032 4283 proceres
2090 4207 2552 4283 equestresque
2612 4200 2801 4282 hujus
2857 4198 3000 4263 aevi

814 4408 862 4469 ¹)
904 4408 1106 4473 [lugeo.
1145 4406 1245 4459 sub
1286 4422 1407 4461 ann.
1448 4411 1570 4473 678,
1597 4408 1720 4474 720,
1747 4409 1868 4464 752.
1941 4406 1996 4475 ²)
2031 4406 2286 4462 Wladisl.
2315 4406 2448 4473 Reg.
2476 4404 2656 4458 Deris.
2683 4419 2807 4457 ann.
2843 4404 3000 4469 1502,

612 4480 663 4543 §.
704 4483 750 4535 1.
826 4478 878 4545 ³)
913 4480 1013 4531 Jus
1052 4494 1151 4531 seu
1190 4478 1419 4534 Constit.
1458 4479 1627 4547 regni,
1665 4478 1733 4532 A.
1778 4480 1858 4536 15.
