3350 5050
619 1451 1057 1532 Sapientibus,
1132 1449 1575 1533 amplissimis,
1637 1451 2117 1532 circumspectis
2186 1457 2253 1516 et
2320 1449 2802 1532 praestantibus

423 1585 593 1664 viriS,
644 1586 750 1665 qui
781 1583 1031 1666 Pragae
1076 1585 1308 1651 triurbi
1354 1590 1420 1649 et
1465 1602 1584 1666 per
1630 1584 2152 1665 augustissimum
2184 1583 2486 1648 Boemiae
2530 1601 2797 1664 regnum

424 1725 632 1785 status
677 1720 878 1785 civilis
922 1719 1255 1801 dignitate,
1302 1717 1805 1783 immunitatibus
1852 1722 1920 1782 et
1970 1717 2321 1799 privilegiis
2368 1717 2805 1782 celeberrimis

425 1853 754 1933 fruantur,
821 1852 1091 1919 dominis
1155 1858 1223 1918 et
1267 1852 1486 1917 amicis
1532 1852 1664 1917 suis
1736 1868 1877 1916 cum
1925 1849 2336 1916 observantia
2381 1848 2805 1916 honorandis:

1152 1985 1438 2053 Salutem
1487 1989 1553 2050 et
1598 2001 1783 2051 omne
1829 1985 2080 2050 bonum.

528 2293 539 2302 .
627 2237 948 2316 Quantum
979 2235 1306 2303 societatis
1335 2237 1654 2302 humanae
1697 2237 2113 2318 praesidium,
2163 2243 2468 2318 quantum
2502 2237 2697 2303 decus
2744 2243 2810 2301 et

431 2345 925 2412 emolumentum
959 2348 1088 2412 sint
1117 2347 1313 2427 legeS,
1347 2366 1426 2412 ex
1457 2365 1534 2412 eo
1568 2347 1839 2411 maxime
1879 2352 2171 2427 apparet,
2207 2347 2372 2427 quod
2406 2347 2808 2412 Justinianus

430 2458 796 2540 Imperator
841 2477 961 2540 per
1005 2457 1150 2523 illas
1197 2463 1264 2525 et
1307 2456 1552 2523 divinas
1600 2463 1668 2521 et
1710 2455 2025 2523 humanas
2072 2474 2179 2521 res
2228 2457 2389 2521 bene
2439 2456 2688 2539 disponi
2735 2477 2809 2523 ac

435 2589 684 2636 omnem
715 2570 1141 2650 iniquitatem,
1174 2574 1412 2635 natura
1436 2570 1722 2649 Jubente,
1755 2569 2012 2649 penitus
2042 2567 2276 2649 expelli
2309 2567 2609 2636 affirmat.
2631 2570 2810 2634 Haec

434 2680 600 2744 enim
657 2681 1031 2761 priusquam
1082 2698 1222 2744 eam
1267 2680 1459 2759 primi
1504 2678 1792 2744 homines
1841 2678 2255 2759 offuscarunt,
2304 2684 2369 2743 et
2411 2677 2814 2745 honestatem

435 2792 622 2869 vitae,
673 2791 1031 2871 nulliusque
1098 2790 1444 2856 laesionem
1510 2796 1578 2856 et
1621 2807 1894 2870 aequam
1943 2810 2019 2855 ac
2065 2796 2531 2873 competentem
2582 2794 2812 2873 cuique

431 2899 800 2965 isonomiam
850 2901 990 2965 sine
1032 2900 1177 2965 ullis
1209 2900 1466 2982 scriptis
1497 2900 1746 2981 legibus
1780 2900 2025 2965 dictare
2071 2900 2358 2981 solebat;
2406 2901 2501 2967 ita
2539 2908 2612 2966 ut
2641 2902 2811 2967 haud

423 3010 755 3075 immerito
815 3009 1050 3077 dixerit
1093 3008 1330 3075 Paulus
1377 3008 1791 3090 Tharsensis,
1842 3027 1951 3074 vas
2006 3008 2159 3073 illud
2209 3008 2513 3091 electum,
2584 3016 2809 3091 gentes

437 3134 604 3197 quae
648 3118 873 3199 legem,
924 3117 1224 3183 videlicet
1267 3118 1594 3199 scriptam,
1640 3136 1769 3184 non
1814 3115 2073 3196 habent,
2120 3116 2505 3183 naturaliter
2536 3137 2613 3182 ea
2646 3136 2811 3199 quae

435 3227 598 3310 legis
629 3233 794 3309 sunt,
838 3228 1076 3308 facere,
1110 3229 1412 3310 ipsasque
1444 3228 1566 3293 sibi
1610 3228 1784 3309 leges
1816 3245 1978 3308 esse,
2019 3245 2179 3308 opus
2209 3226 2368 3308 legis
2401 3227 2816 3293 ostendentes

442 3342 750 3422 scriptum
794 3341 860 3405 in
906 3340 1206 3405 cordibus
1253 3340 1560 3421 ipsarum.

634 3448 776 3514 Non
809 3447 1011 3513 solum
1051 3454 1263 3515 autem
1297 3468 1374 3514 ex
1406 3449 1552 3531 jure
1583 3454 1877 3530 naturae,
1899 3466 2117 3515 verum
2150 3454 2217 3513 et
2242 3449 2371 3514 iam
2406 3450 2489 3513 ab
2522 3450 2660 3531 ipso
2677 3450 2814 3515 Deo

443 3559 810 3638 immortali,
858 3558 1136 3641 glorioso
1185 3564 1251 3625 et
1295 3580 1334 3625 a
1379 3559 1575 3625 nihilo
1621 3560 1687 3625 in
1718 3558 2031 3630 infinitum
2075 3559 2391 3641 elongato,
2434 3559 2819 3640 judiciorum

439 3670 598 3736 ordo
636 3669 951 3751 procedit.
997 3669 1164 3734 Nam
1208 3670 1262 3734 is
1307 3686 1697 3751 cognoscens
1730 3669 1810 3735 de
1850 3669 2039 3752 lapsu
2079 3675 2442 3736 nostrorum
2482 3676 2821 3753 parentum

438 3780 714 3861 primum
768 3780 1076 3862 judicium
1136 3779 1202 3845 in
1248 3780 1587 3862 paradise,
1645 3784 1904 3846 servata
1974 3779 2145 3845 omni
2203 3779 2584 3847 solennitate
2637 3766 2847 3861 juris(

440 3891 713 3972 peregit.
761 3890 916 3969 Quis
949 3912 1010 3955 n.
1043 3888 1455 3972 inficiabitur,
1492 3891 1860 3957 citationem
1894 3892 2110 3957 verbis
2140 3891 2239 3956 his
2280 3892 2540 3974 „Adam,
2566 3893 2675 3957 ubi
2708 3882 2815 3957 es“
2872 3886 2877 3897 '

439 4002 903 4083 praemissam?
953 4002 1424 4068 accusationem
1479 4004 1771 4084 „arboris
1833 4003 2072 4072 vetitae
2118 4003 2396 4069 fructum
2444 3995 2816 4095 comedisti“

442 4110 798 4176 institutam
825 4112 856 4174 ἱ)
927 4112 1376 4193 probationem
1445 4113 1632 4193 „quia
1692 4112 1818 4177 scis
1880 4118 1947 4177 te
2004 4114 2244 4179 nudum
2304 4105 2483 4179 esse“
2536 4114 2821 4179 factam‘,>

443 4219 620 4284 litem
651 4238 771 4301 per
805 4220 1058 4285 modum
1091 4222 1452 4301 excipiendi
1486 4220 1754 4303 „mulier
1790 4222 1869 4287 de
1894 4222 2063 4303 ligno
2096 4224 2439 4289 interdicto
2471 4214 2812 4306 praebuit“
2848 4298 2853 4301 ,

443 4331 914 4395 contestatam?
991 4336 1058 4395 et
1135 4330 1391 4395 tandem
1446 4330 1864 4411 justissimam
1926 4333 2346 4417 sententiam,
2409 4353 2533 4414 qua
2595 4334 2823 4415 Adam,
2916 4378 2923 4385 -

445 4442 584 4506 Eva
649 4448 716 4507 et
773 4460 1042 4522 serpens
1115 4442 1517 4507 condemnati
1579 4446 1759 4523 sunt,
1821 4442 2130 4524 legitimo
2166 4452 2233 4510 et
2308 4446 2525 4510 debito
2602 4446 2857 4539 ordine·

445 4571 586 4620 esse
635 4553 835 4619 latam
859 4553 892 4616 Ῥ

2355 4658 2387 4725 1
2410 4654 2443 4689 Ο
