3350 5050
523 599 566 668 8
1319 596 1383 649 V.
1423 593 1765 660 ophthalmii
1802 595 2113 652 ProcessuS.

725 734 868 799 VII.
905 735 993 798 Ut
1026 735 1246 799 viduas
1277 740 1344 799 et
1371 733 1648 814 pupillos
1679 733 1980 800 clientum
2021 735 2158 800 loco
2207 737 2444 804 habeat
2494 744 2561 803 et
2602 739 2665 803 in
2712 737 2923 802 facul-.
3034 757 3039 762 ·

531 823 769 888 tatibus
841 840 1061 888 eorum
1121 821 1376 886 fidelem
1445 841 1520 886 ac
1581 827 1920 902 paternam
1992 843 2208 889 curam
2268 831 2571 908 praestet.
2636 821 2749 900 (A.
2801 826 2909 906 29,

530 912 592 977 α
644 899 1526 1146 58v‘31t11P'1J2t1}709a»022·3av
1595 962 1873 1074 fideliter
1942 1000 2365 1068 administret.
2437 995 2552 1077 (A.
2602 1003 2689 1067 31
2738 1011 2791 1065 e!
2844 1003 2910 1067 in

538 1111 664 1176 seq.
719 1081 1384 1242 ἵῗῖκῦῗίξςθεῇυῗίῗιζι
1432 1175 1712 1256 allegata
1758 1180 1827 1240 et
1868 1179 2145 1258 probata
2180 1179 2584 1258 pronunciet,
2635 1181 2715 1245 ab
2750 1179 2912 1243 actis

537 1282 661 1328 non
708 1264 1093 1330 recedendo.
1142 1253 1258 1344 (A.
1307 1263 1410 1328 39.
1462 1261 1639 1327 Diet.
1688 1252 1790 1346 1.)
2350 1292 2359 1300 ·

725 1353 1124 1417 ..Iustinianus
1169 1352 1329 1432 Imp.
1379 1350 1616 1430 inquit:
1671 1352 2029 1434 „Optamus
2062 1373 2237 1434 ergo,
2287 1361 2358 1417 ut
2403 1373 2621 1419 onmes
2660 1354 2911 1434 judices
2955 1353 2958 1356 ’

531 1441 753 1521 nostri,
779 1439 1150 1505 ‘secundum
1195 1439 1586 1505 voluntatem
1635 1445 1702 1504 et
1747 1441 2040 1506 timorem
2070 1442 2307 1528 Deifet
2337 1449 2618 1508 nostram
2652 1444 2911 1508 electio·

531 1547 721 1610 nem,
785 1529 874 1593 sic
921 1546 1069 1592 suas
1117 1527 1703 1592 administrationes
1763 1529 2125 1610 gubernare
2186 1531 2509 1608 studeant,
2575 1537 2645 1596 ut
2702 1532 2922 1611 nullus

533 1635 754 1682 eorum
804 1622 915 1680 aut
963 1616 1303 1696 cupiditati
1347 1617 1433 1681 sit
1479 1615 1756 1696 dedituS,
1806 1622 1918 1681 aut
1966 1617 2295 1683 violentias
2342 1618 2589 1698 aliquas
2638 1620 2740 1684 vel
2769 1622 2907 1700 ipse

531 1704 772 1769 inferat
816 1704 917 1769 vel
957 1704 1276 1784 Judicibus
1324 1709 1435 1768 aut
1481 1702 1705 1768 officiis
1764 1723 1983 1770 eorum
2047 1713 2160 1770 aut
2220 1707 2697 1788 quibuscunque
2768 1708 2909 1772 aliis

536 1791 1008 1857 collateralibus
1051 1791 1291 1856 inferre
1323 1783 1715 1872 permittat.“
1768 1793 1858 1856 Et
1902 1793 2091 1873 paulo
2138 1798 2319 1874 post:
2374 1794 2585 1874 „Ergo
2612 1795 2909 1876 jubemus

533 1881 867 1945 violentias
929 1885 996 1944 et
1041 1897 1290 1946 omnem
1337 1879 1672 1944 avaritiam
1725 1899 1979 1945 cessare
2025 1887 2092 1946 et
2130 1881 2453 1961 justiciam
2502 1893 2695 1965 atque
2744 1885 2899 1949 veri·

534 1972 734 2032 tatem
769 1970 943 2033 circa
973 1975 1223 2034 nostros
1253 1968 1628 2033 tributarios
1660 1970 1929 2035 servari.
1964 1968 2066 2033 Sic
2098 1971 2265 2034 enim
2297 1976 2362 2035 et
2391 1971 2567 2038 Deus
2596 1972 2907 2053 placatur,

533 2060 599 2120 et
643 2056 764 2136 ipsi
813 2062 1082 2137 possunt
1127 2055 1399 2122 celerius
1443 2055 1725 2121 relevari
1770 2075 1846 2121 ae
1890 2048 2184 2124 flore1·e.“
2236 2051 2425 2136 (Cum
2458 2059 2558 2126 his
2605 2065 2913 2126 consonat

537 2148 602 2207 et
647 2149 937 2210 nostrum
983 2146 1108 2210 Jus
1155 2144 1354 2231 Pray.
1407 2142 1524 2209 sub
1570 2143 1658 2208 lit.
1710 2147 1789 2210 A.
1840 2137 1987 2222 35.)

726 2234 974 2299 Actor
1019 2237 1118 2298 est
1145 2232 1218 2311 is,
1269 2231 1377 2310 qui
1417 2232 1500 2296 ad
1538 2230 1850 2311 judicium
1882 2236 2256 2314 provocavit
2298 2226 2413 2314 (A.
2450 2239 2552 2302 44.
2584 2238 2755 2302 Dist.
2788 2225 2909 2319 1.).

538 2318 612 2382 In
660 2338 736 2384 eo
783 2321 1237 2400 requiruntur:

729 2408 777 2470 1.
813 2410 920 2475 Ut
955 2409 1234 2486 judicem
1285 2411 1753 2488 competentem
1801 2408 2012 2488 adeat,
2048 2429 2323 2492 eumque
2370 2412 2451 2478 de
2492 2413 2745 2478 citando
2793 2432 2906 2478 reo

483 2544 496 2553 .
537 2496 890 2577 compellet.
938 2487 1053 2575 (A.
1104 2497 1205 2564 45.
1257 2498 1428 2563 Diet.
1484 2486 1584 2577 1.)
2131 2517 2138 2523 ·

728 2585 811 2651 ΙΙ.
877 2586 1190 2651 Libellum
1255 2585 1721 2651 accusatorium
1781 2587 2129 2652 secundum
2188 2588 2313 2653 fori
2384 2590 2905 2655 consuetudinem

534 2677 756 2737 contra
800 2692 983 2738 reum
1031 2692 1245 2740 coram
1286 2674 1503 2755 judice
1549 2674 1717 2739 edat.
1770 2665 1884 2752 (A.
1937 2676 2044 2741 45.
2089 2677 2263 2743 Diet.
2312 2672 2411 2755 3.)

725 2760 843 2827 111.
893 2764 984 2829 Ut
1029 2764 1321 2827 deductis
1364 2761 1662 2842 legitimis
1708 2762 2197 2844 probationibus
2251 2764 2491 2845 judicis
2548 2767 2908 2831 sententiae

533 2866 676 2913 sese
737 2850 1036 2929 subjiciat
1092 2857 1159 2917 et
1224 2849 1604 2915 sententiam
1674 2869 1794 2931 pro
1866 2870 1936 2917 se
1981 2852 2138 2918 ferri
2193 2859 2393 2935 petat.
2461 2854 2669 2919 Judex
2739 2856 2905 2919 enim

535 2937 782 3004 nonnisi
827 2938 1204 3020 imploratus
1253 2938 1528 3003 officium
1576 2956 1759 3002 suum
1806 2940 2193 3021 impertitur.

727 3027 823 3090 De
868 3026 1028 3091 Jure
1075 3028 1394 3092 Canonieo
1441 3031 1509 3089 et
1553 3026 1873 3093 Caesareo
1925 3034 2200 3108 quatuor
2246 3022 2394 3109 (sic)
2454 3038 2601 3096 sunt
2669 3031 2907 3096 actoris

531 3112 771 3179 officia:
804 3115 854 3178 I.
905 3115 994 3180 Ut
1028 3134 1166 3180 cum
1201 3115 1420 3179 amicis
1467 3120 1533 3179 et
1572 3112 1966 3195 jurisperitis
1998 3118 2293 3182 consulat
2339 3123 2404 3182 et
2436 3120 2774 3197 deliberet,
2824 3138 2902 3183 an

531 3201 648 3265 sibi
696 3221 892 3282 agere
940 3203 1260 3284 expediat,
1309 3202 1408 3267 vel
1453 3219 1597 3267 non.
1649 3192 1747 3281 (3.
1798 3226 1853 3291 q.
1889 3204 1948 3268 8.
1988 3226 2033 3269 c.
2082 3206 2161 3271 Si
2189 3215 2317 3271 aut.
2372 3215 2428 3269 et
2460 3208 2534 3271 L.
2602 3208 2681 3271 Si
2725 3207 2903 3287 avia,

528 3290 588 3353 (ι’.
655 3290 736 3355 de
790 3292 918 3378 inq.
961 3281 1520 3372 manumissione.)
1586 3287 1669 3352 ΙΙ.
1722 3291 1812 3355 Ut
1878 3292 2111 3372 videat,
2159 3312 2307 3359 num
2355 3297 2636 3375 probare
2683 3297 2903 3377 possit,

535 3379 702 3456 quod
749 3379 1024 3444 intendit
1067 3375 1162 3458 (2.
1202 3402 1256 3467 q.
1308 3380 1367 3444 8.
1407 3400 1452 3443 c.
1506 3378 1568 3442 si
1612 3384 1727 3442 aut
1772 3387 1875 3444 etc.
1920 3380 1997 3446 L.
2038 3404 2173 3445 eum
2220 3382 2333 3471 qui
2355 3382 2443 3466 ff.
2482 3383 2563 3447 de
2589 3375 2905 3467 judiciis)

528 3467 637 3531 IV.
707 3468 794 3532 Ut
840 3476 1258 3548 praemoneat
1311 3467 1512 3532 amice
1587 3484 1767 3546 eum,
1839 3474 2063 3533 contra
2132 3488 2317 3549 quem
2382 3470 2660 3536 intendit
2712 3490 2906 3552 agere

526 3546 640 3631 (L.
694 3555 1030 3635 debitores,
1085 3556 1144 3621 O.
1196 3558 1278 3621 de
1307 3547 1755 3642 pignoribus).

722 3644 939 3707 Reus
988 3642 1220 3709 dicitur
1264 3646 1338 3722 iS,
1387 3661 1528 3709 cum
1580 3660 1703 3722 quo
1752 3644 1986 3723 agitur.
2036 3635 2081 3724 (
2073 3650 2150 3711 A.
2202 3648 2303 3710 44.
2359 3648 2529 3713 Dist.
2580 3638 2684 3725 2.)

724 3724 995 3805 (Nonius
1019 3732 1366 3797 Marcellus
1389 3748 1536 3795 reos
1563 3730 1692 3795 dici
1722 3731 1877 3811 vult,
1911 3750 2035 3797 non
2067 3733 2267 3798 solum
2300 3734 2549 3799 crimini
2580 3734 2905 3814 obnoxioS,

527 3820 639 3883 sed
673 3826 739 3884 et
771 3821 900 3884 voti
933 3838 1006 3885 ao
1036 3820 1331 3900 promissi
1365 3816 1709 3886 debitores.
1749 3819 1975 3886 Cicero
2008 3820 2066 3886 2.
2106 3822 2186 3887 de
2214 3831 2376 3888 orat.
2429 3823 2599 3888 Reos
2632 3822 2905 3904 appe110,

527 3909 751 3986 inquit,
802 3927 927 3972 non
975 3926 1087 3973 eos
1133 3908 1322 3973 modo
1370 3908 1475 3987 qui
1525 3913 1901 3988 arguantur,
1952 3928 2167 3974 verum
2218 3929 2456 3989 omneS,
2508 3930 2774 3991 quorum
2824 3912 2903 3975 de

529 4014 602 4059 re
649 3996 1066 4076 disceptatur.
1115 3996 1292 4060 Reus
1338 4012 1493 4075 ergo
1541 3994 1775 4060 dicitur
1824 4015 1863 4059 a
1906 4002 1999 4077 re,
2048 4017 2173 4063 non
2222 4018 2259 4061 a
2303 3994 2541 4077 reatu.)

719 4085 792 4147 In
843 4101 953 4147 reo
988 4083 1416 4163 desideratur,
1467 4089 1536 4147 ut
1569 4082 1773 4162 primo
1809 4090 1919 4149 aut
1960 4086 2239 4151 secundo
2274 4086 2505 4151 citatus
2537 4093 2907 4168 compareat

527 4176 594 4235 et
639 4171 850 4236 libello
901 4177 1122 4236 contra
1169 4190 1237 4236 se
1283 4171 1572 4235 instituto
1622 4170 1723 4236 vel
1786 4172 2000 4239 statim
2058 4174 2157 4238 vel
2218 4179 2360 4255 post
2404 4174 2591 4239 datas
2654 4174 2773 4239 sibi
2824 4176 2902 4239 ad

521 4258 1006 4323 deliberandum
1051 4259 1362 4339 inducias
1408 4258 1821 4338 respondeat.
1871 4250 1915 4337 (
1908 4264 1985 4327 A.
2022 4262 2124 4327 45.
2161 4262 2334 4327 Βίετ.
2372 4252 2474 4341 4.)
2519 4262 2683 4326 Nam
2732 4264 2901 4326 exci-

521 4347 752 4427 piendo
811 4364 963 4411 reus
1023 4346 1096 4411 fit
1159 4353 1375 4427 actor,
1433 4352 1500 4411 et
1560 4347 2000 4427 exceptionem
2057 4368 2236 4414 suam
2286 4352 2561 4431 probare
2622 4356 2899 4415 tenetur.

525 4430 640 4513 (L.
691 4435 760 4499 in
808 4435 1286 4518 exceptionibus
1313 4434 1400 4520 ff
1454 4434 1534 4499 de
1575 4424 1802 4520 prob.)

715 4522 1114 4604 Exceptione
1161 4530 1227 4589 et
1263 4522 1411 4603 jure
1457 4540 1572 4589 suo
1619 4523 1911 4604 probato,
1957 4524 2248 4590 similiter
2306 4526 2397 4591 uti
2446 4532 2645 4606 actor,
2704 4525 2906 4605 judici

527 4628 666 4676 sese
728 4612 1092 4690 submittat,
1165 4610 1314 4691 quia
1371 4611 1559 4677 ambo
1642 4612 1925 4691 aequalis
1990 4613 2229 4678 debent
2298 4632 2440 4680 esse
2506 4613 2901 4680 conditionis
