3350 5050
530 461 659 532 248
1586 457 1840 515 Stranski

732 601 815 669 ΙΙ.
864 601 948 667 At
992 601 1144 683 quia
1188 600 1397 666 ardua
1444 601 1623 682 haee,
1676 618 1843 680 quae
1889 602 2280 683 vocavimus,
2330 601 2612 682 negotia,
2661 602 2752 667 ita
2783 603 2932 665 sunt

534 695 926 774 comparata,
989 695 1063 755 ut
1106 707 1273 754 nunc
1320 688 1613 756 Coronae
1676 707 1912 772 corpus
1964 693 2330 756 universum
2377 694 2696 771 spectent,
2759 706 2925 753 nunc

533 780 893 863 provincias
937 777 1077 858 eJus
1124 778 1411 858 corporis
1458 778 1739 860 singulas
1785 777 2127 860 attingant,
2175 783 2524 861 eapropter
2553 777 2637 841 ad
2669 777 2926 842 comitia

533 885 703 934 nunc
768 868 1201 933 membrorum
1270 865 1561 931 Coronae
1619 867 1948 934 unitorum
2011 867 2401 932 universitas
2463 865 2690 946 omniS,
2757 882 2926 929 nunc

534 955 783 1037 Bojemi
826 955 963 1034 soli,
1032 953 1365 1019 convocari
1410 954 1808 1020 commodum
1855 956 1920 1020 in
1965 955 2173 1022 locum
2217 961 2285 1020 et
2331 955 2414 1020 ad
2460 953 2630 1017 diem
2678 957 2924 1017 certum

531 1043 789 1127 publico
846 1043 1045 1123 Regis
1103 1047 1587 1123 programmate
1648 1043 1877 1123 solent,
1943 1042 2230 1111 clausula
2285 1043 2408 1107 hac
2467 1042 2927 1122 programmati

528 1133 671 1199 fere
716 1130 997 1213 adJ‘ecta,
1062 1128 1249 1209 quod,
1317 1130 1448 1196 sive
1497 1132 1637 1210 quis
1685 1133 1905 1197 veniat
1949 1133 2086 1200 sive
2132 1149 2258 1196 non
2302 1131 2542 1208 veniat,
2596 1127 2736 1193 Rex
2783 1147 2924 1193 cum

526 1222 607 1288 iis
664 1220 777 1301 qui
845 1219 1055 1284 vocati
1117 1217 1570 1283 deliberationi
1638 1217 2076 1300 interfuerint,
2147 1219 2315 1297 quod
2385 1235 2663 1296 aequum
2722 1222 2792 1280 et
2847 1234 2926 1281 ex

530 1306 928 1391 reipublicae
954 1323 1075 1372 usu
1100 1304 1382 1370 futurum
1410 1306 1756 1386 videbitur,
1799 1308 1883 1372 sit
1907 1310 2304 1386 decreturuS,
2345 1312 2414 1372 et
2432 1306 2490 1371 is
2513 1303 2921 1370 nihilominus

531 1397 641 1478 qui
671 1413 1053 1476 comparere
1084 1392 1459 1475 neglexerit,
1494 1394 1759 1460 decreto
1793 1397 2244 1477 obtemperare
2276 1410 2539 1461 necesse
2569 1392 2925 1459 habiturus

531 1487 632 1551 De
676 1482 1177 1566 provincialibus
1201 1481 1630 1562 Moravorum,
1684 1483 2049 1564 Silesorum‚
2099 1483 2612 1562 Lusatorumque
2651 1480 2930 1546 comitiis

528 1574 721 1655 loqui,
782 1572 902 1636 hoc
966 1571 1102 1635 loco
1160 1587 1289 1634 non
1352 1574 1455 1634 est
1496 1571 1695 1636 locus.
1763 1571 1864 1636 Ad
1911 1573 2237 1654 Bojemica
2306 1587 2458 1637 vero
2519 1567 2796 1649 comitia,
2869 1571 2923 1636 si

532 1658 927 1727 universalia
998 1658 1147 1737 sint,
1231 1659 1484 1723 excitae
1560 1659 1928 1740 provinciae
2009 1677 2440 1741 concorpores
2517 1675 2737 1723 omnes
2804 1675 2925 1737 per

527 1749 777 1832 legatos
836 1748 1050 1814 solent
1110 1763 1505 1826 comparere,
1576 1752 1645 1812 et
1703 1750 1872 1828 apud
1936 1747 2216 1828 majores
2279 1749 2516 1813 usitato
2577 1762 2774 1825 more,
2841 1745 2926 1810 de

529 1835 965 1904 communibus
1032 1834 1323 1899 Coronae
1410 1833 1603 1898 totius
1672 1839 1944 1915 negotiis
1962 1889 1977 1916 ,
2068 1837 2283 1917 capita
2363 1853 2503 1900 cum
2574 1832 2924 1900 Ordinibus

531 1924 835 2007 BojemiS‚
867 1923 978 1989 alii
1009 1926 1156 2003 post
1186 1920 1343 1986 alios
1376 1922 1438 1986 in
1472 1924 1806 1988 concilium
1839 1924 2188 1992 honorifice
2221 1924 2412 1989 acciti
2439 1929 2508 1988 et
2535 1923 2921 1987 sententiam

532 2013 767 2095 rogati,
815 2009 1111 2076 conferre
1160 2027 1236 2074 ac
1283 2010 1671 2089 consentire3
1723 2013 1818 2077 sin
1865 2011 2308 2095 particularia,
2356 2009 2600 2090 Bojemi
2647 2008 2922 2075 Ordines

528 2101 645 2167 soli
704 2118 841 2166 rem
902 2115 1153 2164 omnem
1214 2098 1535 2163 arbitratu
1605 2118 1719 2164 suo
1788 2103 2120 2184 expedire.
2189 2099 2510 2180 cogendis
2580 2114 2776 2179 porro
2847 2099 2923 2162 iis

524 2189 767 2254 nullum
813 2186 993 2268 leges
1036 2185 1245 2252 locum
1291 2189 1535 2250 certum
1582 2185 1914 2257 definiunt.
1974 2187 2292 2268 Principis
2354 2187 2624 2254 arbitrio
2667 2185 2746 2264 iS,
2804 2203 2920 2266 pro

524 2297 599 2342 re
644 2281 817 2355 nata,
878 2291 1048 2340 nunc
1106 2275 1231 2354 hic,
1294 2291 1463 2340 nunc
1506 2272 1652 2351 ille;
1715 2294 1883 2342 nunc
1940 2279 2114 2343 intra
2157 2274 2337 2353 fines,
2402 2292 2570 2339 nunc
2615 2275 2696 2340 ad
2763 2273 2922 2338 fines

523 2365 742 2447 regni;
790 2361 1133 2444 aliquando
1178 2364 1369 2428 etiam
1420 2363 1539 2428 sub
1587 2363 1714 2444 dio,
1763 2363 1828 2428 in
1877 2383 2102 2447 campo
2147 2365 2396 2445 patenti
2429 2363 2644 2444 delegi
2682 2368 2917 2442 potest.

526 2452 779 2533 Pragae
822 2457 1057 2532 tamen,
1108 2456 1411 2533 tanquam
1459 2451 1523 2514 in
1572 2455 1927 2536 metropoli,
1977 2472 2122 2519 eum
2171 2459 2241 2518 ut
2285 2451 2633 2535 plurimum
2669 2449 2920 2515 condici

524 2541 786 2624 placuit,
838 2540 907 2606 id
952 2540 1123 2621 quod
1170 2540 1328 2607 situs
1386 2541 1529 2621 ipsa
1574 2543 1993 2609 commoditas
2051 2559 2401 2621 rerumque
2447 2542 2635 2621 copia
2693 2538 2911 2605 suasit.

526 2630 817 2695 Diversis
847 2647 886 2695 a
918 2628 1131 2709 Praga
1160 2628 1320 2694 locis
1350 2633 1526 2694 actos
1559 2629 1777 2710 populi
1821 2634 2170 2697 conventus
2205 2628 2597 2696 celebriores
2627 2628 2915 2707 legimus,

524 2718 719 2799 idque
764 2716 939 2782 intra
970 2715 1155 2798 regni
1186 2714 1375 2781 fines:
1425 2718 1507 2781 ad
1544 2718 1850 2783 Sadscam
1895 2737 2130 2801 pagum
2177 2719 2294 2784 sub
2345 2717 2449 2782 dio
2495 2735 2538 2781 a
2567 2714 2918 2781 Wladislao

524 2808 700 2871 Duce
748 2793 929 2887 (arm.
983 2794 1216 2886 1110),
1282 2802 1527 2870 Cutnae
1575 2824 1615 2870 a
1661 2805 2017 2873 Wladislao
2063 2804 2146 2870 II.
2198 2795 2385 2886 (ann.
2433 2804 2626 2885 1477,
2673 2793 2912 2883 1485),

522 2893 728 2959 Golini
795 2910 911 2959 seu
972 2892 1237 2957 Colinae
1304 2912 1343 2957 a
1402 2893 1726 2958 Ludovico
1796 2883 1842 2976 (
1833 2918 1980 2960 ann.
2057 2882 2286 2976 1525),
2359 2890 2808 2958 Budie'oviciis
2877 2912 2916 2956 a

520 2980 928 3048 Ferdiuando
976 2979 1026 3044 Ι.
1074 2972 1117 3055 (
1114 3003 1262 3045 ann.
1314 2970 1528 3062 1529)
1590 2988 1659 3046 et
1711 3000 1750 3046 a
1801 2980 2076 3048 Matthia
2120 2971 2307 3059 (ann.
2357 2981 2533 3046 1614
2615 2980 2904 3059 regibus;

517 3069 797 3136 Zwikovi
844 3074 1195 3149 praeterea
1239 3060 1423 3137 (ann.
1476 3059 1705 3150 1318),
1757 3071 2050 3152 Reginae
2097 3069 2407 3136 Hradecii
2451 3057 2638 3151 (ann.
2677 3066 2851 3132 1391
2842 3058 2911 3148 ),

517 3156 887 3223 czaslaviae
948 3144 1135 3237 (ann.
1201 3150 1430 3233 1421),
1496 3157 1755 3222 Melnici
1813 3148 1858 3237 (
1852 3181 2001 3223 ann.
2068 3148 2298 3238 1438),
2363 3156 2914 3236 Bojemo—Brodae

514 3234 704 3327 (ann.
736 3233 971 3325 1444),
1020 3244 1265 3310 Cutnae
1310 3234 1497 3323 (ann.
1533 3236 1768 3327 1471),
1820 3246 1902 3312 ab
1937 3246 2402 3328 Optimatibus;
2453 3264 2491 3309 a
2529 3243 2917 3325 primoribus

518 3334 794 3414 denique
851 3333 949 3411 iis,
1022 3331 1127 3412 qui
1181 3336 1299 3399 sub
1348 3332 1489 3398 Vna
1535 3332 1836 3399 dicuntur
1881 3323 2064 3416 (ann.
2118 3325 2353 3414 1465),
2415 3332 2624 3397 Viridi
2675 3331 2914 3409 Monte,

516 3428 583 3488 et
630 3422 715 3486 ab
760 3421 843 3487 iis
890 3421 997 3499 qui
1044 3422 1161 3487 sub
1208 3420 1505 3500 Utraque
1556 3429 1860 3488 vocantur
1905 3410 2088 3503 (ann.
2142 3414 2354 3507 1483)
2400 3419 2776 3501 Nymburgi.
2835 3420 2918 3485 At

516 3527 672 3575 vero
707 3513 935 3575 coacta
966 3508 1049 3574 ad
1080 3509 1267 3589 regni
1298 3507 1459 3573 fines
1495 3509 1756 3575 comitia
1787 3510 2134 3591 accipimus
2165 3509 2397 3576 fuisse:
2447 3508 2617 3589 apud
2649 3509 2914 3571 Loctum

512 3618 627 3663 seu
677 3597 976 3663 Cubitum
1022 3584 1213 3678 (ann.
1263 3593 1474 3678 1318)
1540 3616 1580 3663 a
1624 3596 1922 3663 Johanne
1968 3599 2184 3678 Rege3
2249 3597 2420 3680 apud
2467 3595 2751 3661 Chebum
2801 3612 2916 3661 seu

521 3686 805 3768 Oegram
863 3677 1048 3764 (ann.
1101 3674 1310 3766 1461)
1357 3704 1396 3749 a
1442 3686 1762 3767 Georgi03
1829 3687 1997 3767 apud
2053 3686 2400 3752 Gladscum
2469 3675 2652 3759 (ann.
2706 3676 2920 3765 1512)

515 3794 554 3839 a
619 3772 973 3839 wladislao
1032 3771 1117 3837 ΙΙ.
1180 3772 1315 3838 Hos
1380 3774 1750 3854 caeteroqui
1814 3774 1898 3838 ad
1969 3780 2342 3855 conventuS,
2410 3772 2522 3838 ubi
2588 3770 2696 3836 ubi
2764 3772 2916 3851 sint,

514 3879 737 3929 omnes
784 3861 1041 3941 quidem
1088 3863 1451 3942 promiscue
1497 3862 1641 3927 Rex
1674 3861 1841 3927 solet
1885 3880 2180 3942 evocare,
2229 3863 2342 3928 sed
2375 3879 2502 3927 non
2539 3866 2916 3940 comparent

510 3950 649 4016 fere
694 3949 819 4015 nisi
864 3950 969 4028 qui
1016 3954 1167 4015 sunt
1209 3949 1580 4031 locupletes.
1631 3950 1914 4017 Poscere
1963 3951 2267 4015 videlicet
2312 3950 2567 4015 videtur
2597 3948 2910 4027 aequitas,

509 4044 577 4105 ut
602 4039 712 4119 qui
735 4038 877 4118 plus
905 4039 1253 4118 possident,
1306 4040 1543 4118 quique
1577 4039 1724 4119 plus
1755 4038 1820 4103 in
1853 4058 2005 4105 usus
2036 4056 2398 4105 communes
2423 4042 2490 4103 et
2511 4034 2908 4115 reipublicae

505 4126 794 4193 subsidia
830 4124 1183 4206 conferunt,
1230 4124 1374 4207 plus
1406 4125 1549 4191 aliis
1587 4144 1844 4206 quoque
1888 4128 1954 4190 in
1987 4127 2330 4192 statuendo
2367 4126 2448 4191 de
2479 4142 2551 4190 re
2591 4126 2906 4189 communi

500 4215 767 4297 possint,
797 4215 1185 4296 praesertim
1210 4231 1354 4279 cum
1379 4214 1622 4279 salvam
1650 4232 1794 4280 esse
1821 4216 2283 4295 rempublicam
2311 4212 2686 4291 eorundem,
2717 4230 2905 4292 quam

500 4303 878 4381 tenuiorum,
941 4304 1144 4383 magis
1206 4302 1485 4369 intersit.
1550 4301 1674 4382 Qui
1738 4320 1881 4367 cum
1946 4300 2323 4383 frequentes
2373 4300 2758 4369 conveniunt
2825 4300 2904 4365 ad

497 4392 687 4471 diem,
750 4392 889 4457 Rex
944 4383 1097 4469 (nisi
1159 4391 1328 4470 quod
1386 4392 1441 4457 si
1490 4390 1746 4471 quando
1813 4397 2006 4456 extra
2053 4391 2239 4471 regni
2299 4389 2460 4456 fines
2522 4388 2718 4469 degit,
2780 4406 2902 4468 per

493 4482 739 4561 legatos
812 4496 952 4545 rem
1026 4495 1276 4545 omnem
1352 4484 1569 4561 potest
1652 4472 1998 4560 expedire)
2093 4496 2233 4545 cum
2309 4483 2536 4545 senatu
2611 4474 2898 4557 Bojemo,
