3350 5050
1309 480 1416 539 Tit.
1456 482 1658 539 XVIII.
1704 490 1758 538 et
1794 480 1941 540 XIX.
2739 483 2825 556 33

640 625 785 690 Huc
828 627 1154 708 pertinent
1201 627 1578 694 donationes
1627 630 1853 693 mortis
1898 646 2112 709 causa,
2160 627 2396 709 legata,
2442 628 2595 694 fidei
2652 646 2821 694 com-

449 713 657 791 missa,
709 713 998 779 codicilli.
1037 733 1150 779 seu
1199 717 1405 780 minus
1453 717 1763 781 solemnia
1808 721 2213 795 testamenta,
2278 718 2357 782 de
2403 717 2632 796 quibus
2681 717 2822 780 vide

443 801 570 866 «Ius
616 802 818 888 Pray.
866 800 951 867 D.
1003 804 1092 868 56
1137 811 1194 866 et
1239 805 1346 884 57,
1393 803 1471 869 Ε.
1523 804 1631 885 52,
1682 804 1759 869 F.
1808 807 1864 868 4.

637 905 820 958 Causa
843 903 1082 958 efficiens
1121 907 1430 959 testamenti
1456 913 1540 960 est
1577 911 1810 959 testator
1848 905 1901 958 in
1943 920 2005 958 eo
2033 903 2340 972 disponens,
2380 905 2591 959 Rustici
2626 913 2823 972 tamen,

445 981 500 1026 et
538 975 628 1043 qui
665 975 1004 1029 subditorum
1053 977 1171 1031 loco
1210 977 1495 1047 habentur,
1548 979 1662 1030 siue
1700 977 1964 1045 permissu
2005 977 2089 1030 sui
2138 977 2451 1030 hereditarii
2488 977 2705 1046 domini,
2742 977 2824 1030 vel

443 1047 496 1115 ii,
536 1047 629 1114 qui
679 1048 732 1100 in
773 1047 994 1101 alterius
1033 1054 1304 1116 potestate
1344 1056 1471 1102 sunt
1507 1048 1805 1116 constituti,
1843 1049 2033 1102 testari
2070 1065 2178 1102 non
2215 1055 2445 1115 possunt
2479 1048 2571 1114 (E.
2608 1049 2694 1117 2.)

644 1119 954 1186 Subjectum
993 1127 1076 1172 est
1111 1120 1361 1175 voluntas
1401 1121 1678 1174 testatoris
1718 1127 1773 1173 et
1810 1120 1967 1174 heres
2006 1121 2062 1172 in
2098 1135 2163 1172 ea
2201 1120 2542 1174 constitutus.

639 1191 922 1258 Objectum
961 1198 1087 1244 sunt
1125 1193 1267 1246 bona
1307 1191 1510 1247 relicta.

639 1259 841 1316 Formo.
879 1269 1006 1316 sunt
1042 1265 1302 1332 requisita
1339 1271 1394 1316 et
1434 1245 1789 1318 solennitates
1828 1263 2059 1319 debitae.

511 1405 542 1460 b
638 1335 811 1403 Finis,
862 1351 930 1388 ne
980 1341 1107 1402 post
1157 1341 1382 1389 mortem
1435 1337 1715 1390 testatoris
1768 1336 1835 1390 de
1882 1338 2038 1392 bonis
2088 1334 2203 1401 ejus
2253 1335 2395 1388 inter
2449 1336 2649 1390 amicos
2700 1334 2821 1388 lites

443 1421 506 1458 su
549 1407 805 1461 oriantur.

941 1496 1154 1556 &abula
1187 1499 1457 1557 continens
1495 1499 1952 1557 tentamentorum
1990 1497 2319 1557 finnionem.

924 1591 1147 1646 solenne
1161 1609 1256 1646 seu
1272 1592 1712 1662 scriptum,quod
2176 1599 2357 1646 certus
2421 1591 2580 1645 heres
2646 1591 2702 1643 in
2758 1607 2821 1645 eo

992 1664 1057 1717 fit
1106 1664 1377 1718 mediante
1423 1666 1713 1732 scriptura,
2236 1664 2554 1718 instituatur
2604 1663 2700 1730 (D.
2734 1665 2821 1720 53.

995 1737 1049 1789 in
1112 1738 1422 1803 praesentia
1481 1736 1711 1791 duorum
2234 1736 2374 1790 Dist.
2418 1737 2491 1803 1.)

987 1808 1297 1875 juratorum
1385 1813 1441 1862 et
1513 1808 1711 1862 notarii
2180 1806 2427 1861 voluntas
2442 1805 2719 1860 testatoris
2742 1803 2823 1858 fu·

445 1913 850 1966 Testamentum
994 1879 1088 1945 (E.
1131 1880 1205 1946 1.)
1794 1878 2095 1946 Utrumque
2235 1880 2339 1932 erit
2374 1878 2679 1946 perspicua,
2706 1877 2823 1930 sine

513 1956 618 2036 ‘ost
675 1982 758 2036 vel
922 1951 1383 2018 nuncupativum,
1494 1949 1709 2020 quando
1797 1951 1957 2004 fidem
1997 1968 2102 2004 me·
2235 1952 2383 2004 omni
2470 1949 2824 2018 ambiguitate

554 2029 560 2035 ‘
725 2027 736 2036 ‘
994 2029 1224 2076 testator
1277 2023 1507 2076 testibus
1546 2021 1614 2076 ad
1653 2038 1711 2075 se
1828 2027 1995 2091 retur,
2033 2025 2079 2076 si
2236 2023 2330 2090 (D.
2369 2026 2453 2082 53.
2491 2023 2631 2076 Dist.
2672 2023 2750 2088 2.)

995 2094 1276 2148 accersitis
1381 2091 1713 2148 voluntatem
2180 2100 2558 2148 testamentum
2633 2107 2822 2146 secun-

995 2181 1148 2218 suam
1209 2180 1391 2220 coram
1441 2166 1546 2219 illis
1597 2167 1713 2219 sine
2235 2164 2358 2219 dum
2376 2165 2484 2220 fori
2504 2166 2677 2220 nostri
2698 2181 2822 2220 con·

995 2237 1269 2304 scriptura
1432 2243 1715 2305 nuncupat

2233 2237 2571 2291 suetudinem
2586 2236 2823 2305 publice-

997 2309 1092 2375 (D.
1131 2310 1246 2378 45.)

2232 2315 2321 2363 tur
2360 2311 2455 2376 (D.
2475 2313 2559 2367 53.
2591 2309 2821 2376 Iusta.)

962 2511 1090 2584 De
1136 2509 1678 2610 impuyvzatiooze
1727 2524 2315 2585 testamentorum.

1358 2674 1690 2740 Titulus
1734 2672 1911 2740 XIX.

643 2810 1124 2876 Testamentum
1177 2807 1325 2888 jure
1382 2805 1620 2871 factum
1698 2824 1901 2887 usque
1963 2825 2040 2872 eo
2101 2809 2288 2889 valet,
2346 2811 2547 2875 donec
2612 2808 2817 2876 officio

439 2896 673 2975 judicis
718 2898 1105 2978 infirmetur3
1166 2897 1333 2978 quod
1383 2894 1453 2958 fit
1499 2894 1579 2957 ad
1626 2894 1998 2960 instantiam
2037 2897 2211 2978 ⁴iuste
2260 2896 2325 2961 id
2372 2901 2819 2981 oppugnantiS,

445 2986 501 3153 ῗί
545 2985 864 3153 legitijnas
912 3004 1139 3053 causas
1173 2982 1541 3049 annullandi
1589 2985 1962 3049 testamenti
2006 2985 2070 3048 in
2108 2985 2420 3065 judicium
2464 2986 2824 3053 deduxerit.

642 3160 1015 3229 Infirmatur
1057 3166 1510 3227 testamentum
1559 3160 1661 3224 vel
1708 3158 1915 3225 officio
1956 3160 2207 3241 judicie,
2258 3163 2503 3242 quoties
2561 3166 2827 3244 querela

445 3248 778 3315 inofficiosi
845 3252 1217 3316 testamenti
1285 3248 1697 3330 proponitur,
1760 3248 1861 3311 vel
1929 3248 2065 3329 ipso
2129 3249 2310 3329 jure,
2394 3254 2646 3330 quando
2717 3260 2829 3319 aut

449 3339 789 3420 rumpitur,
837 3344 952 3405 aut
995 3340 1246 3404 irritum
1290 3337 1381 3403 fit.
1429 3336 1613 3415 Quod
1643 3335 1926 3417 intellige
1964 3336 2043 3401 de
2090 3340 2470 3404 testamento
2503 3340 2823 3422 perfect03

447 3443 598 3491 nam
643 3430 1101 3493 testamentum
1146 3426 1610 3508 imperfectum,
1662 3426 1725 3487 in
1773 3442 1896 3504 quo
1948 3426 2129 3490 deest
2160 3426 2373 3506 aliqua
2411 3426 2575 3507 juris
2620 3431 2827 3497 solen-

449 3514 634 3595 nitas,
686 3517 767 3580 ab
812 3516 995 3581 initio
1041 3533 1168 3580 non
1213 3515 1518 3580 subsistit.

651 3602 1184 3670 Contradicturus
1232 3604 1420 3668 alicui
1467 3606 1875 3677 testamento,
1923 3620 2187 3667 necesse
2234 3607 2351 3682 est,
2403 3610 2475 3668 ut
2518 3606 2689 3671 intra
2719 3626 2831 3671 sex

448 3690 885 3757 hebdomadas
949 3698 1098 3773 post
1155 3691 1324 3756 illius
1384 3689 1878 3772 publicationem
1950 3692 2274 3755 consessui
2320 3695 2663 3775 senatorio,
2710 3714 2830 3775 per

449 3780 808 3859 ingressum
875 3780 1255 3861 legitimum,
1324 3798 1503 3843 suam
1577 3778 2116 3859 oppugnationem
2188 3785 2299 3843 aut
2368 3782 2830 3862 impetitionem

452 3867 795 3934 denunciet
839 3873 905 3933 et
948 3868 1259 3948 publicati
1305 3867 1676 3932 testamenti
1712 3868 1961 3946 copiam
1996 3868 2094 3931 vel
2140 3872 2597 3935 transsumtum
2644 3877 2829 3952 petat

451 3948 567 4035 (Ε.
617 3956 721 4022 43.
771 3957 944 4021 Dist.
997 3957 1036 4019 1
1084 3965 1142 4019 et
1184 3952 1290 4036 2.)
1337 3954 1587 4021 Deinde
1652 3955 1826 4019 intra
1876 3951 1955 4019 14
2003 3956 2142 4020 dies
2188 3973 2417 4021 causas
2462 3960 2833 4025 annullandi

453 4045 821 4110 testamenti
867 4044 1174 4109 adversus
1204 4043 1483 4108 heredes
1531 4042 1612 4105 ad
1660 4042 1725 4106 id
1774 4042 2003 4107 citatos
2050 4043 2444 4123 judicialiter
2488 4056 2829 4128 proponat.

453 4132 545 4196 Ad
596 4150 756 4213 quas
802 4133 1077 4198 heredes
1129 4132 1229 4196 vel
1273 4132 1336 4195 in
1371 4131 1717 4196 continenti
1764 4128 1861 4195 vel
1891 4137 2039 4212 post
2068 4134 2410 4198 terminum
2441 4134 2826 4216 dilatorium,

453 4222 560 4300 qui
603 4221 728 4286 illis
777 4222 859 4286 ad
904 4221 1192 4301 integras
1239 4220 1400 4283 duas
1447 4220 2009 4300 septimanaspro
2076 4220 2467 4286 deducendis
2524 4227 2833 4305 reproba-

452 4309 730 4375 tionibus
776 4310 907 4373 suis
955 4309 1348 4387 conceditur,
1397 4306 1793 4388 respondere
1838 4310 2143 4374 tenentur
2212 4299 2325 4389 (Ε.
2368 4309 2469 4375 43.
2523 4313 2694 4377 Dist.
2731 4306 2837 4394 3.)

454 4399 588 4463 Imo
636 4416 756 4463 nec
788 4398 1182 4479 oppugnanti
1212 4398 1405 4478 parti,
1455 4396 1508 4459 si
1540 4412 1876 4460 causarum
1921 4413 2180 4461 suarum
2212 4402 2600 4465 assertiones
2632 4420 2837 4481 aeque

453 4485 788 4566 expeditas
834 4504 962 4551 non
1005 4484 1326 4565 habuerit,
1376 4483 1521 4549 talis
1568 4484 1883 4549 terminus
1932 4483 2265 4549 dilatorius
2314 4488 2687 4568 denegatur.

2408 4587 2446 4654 3
