3350 5050
486 513 570 586 38
1303 518 1366 573 V.
1407 517 1740 584 Ophthalmii
1782 516 2089 570 ProcessuS.

491 675 568 723 eo
611 656 674 720 in
711 673 861 720 casu
897 655 1208 720 alterutro
1243 660 1702 735 mortuo„pars
1734 660 2065 736 superstes
2097 656 2381 720 succedit
2412 656 2473 719 in
2509 657 2889 736 quadrante,

493 745 620 810 hoc
668 749 769 810 est
827 743 890 806 in
938 743 1134 832 tertia
1195 749 1382 825 parte
1430 744 1761 808 bonorum.
1830 743 2373 808 Correlativorum
2436 745 2603 809 enim
2665 747 2892 811 eadem

498 842 599 900 est
644 831 810 912 juris
857 831 1211 912 dispositio,
1261 831 1470 912 quoad
1515 837 1760 896 textum
1808 833 1927 897 sub
1973 833 2166 896 litera
2215 833 2278 898 C.
2328 834 2437 898 44.
2484 833 2659 898 Dist.
2709 835 2765 898 1.

707 919 980 998 Quintus
1059 921 1217 984 ordo
1295 921 1772 984 succedentium
1853 925 1955 986 est
2024 918 2179 984 fisci.
2260 919 2448 984 Nullo
2518 939 2749 1002 nempe
2818 941 2895 985 ex

509 1009 798 1087 qualibet
844 1009 1170 1088 sanguinis
1239 1009 1411 1072 linea
1459 1007 1558 1071 vel
1597 1006 1764 1086 juris
1810 1008 2013 1087 titulo,
2063 1007 2347 1094 legitimo
2382 1008 2620 1074 herede
2652 1010 2895 1085 relicte,

509 1098 572 1161 id
642 1101 770 1175 est,
848 1114 972 1160 nou
1052 1096 1422 1161 extantibus
1509 1094 2050 1161 descendentibus
2128 1114 2336 1174 neque
2404 1098 2895 1163 ascendentibus

506 1203 712 1266 neque
761 1183 1238 1249 collateralibus
1287 1183 1367 1246 ad
1401 1182 1715 1248 decimum
1751 1202 1950 1263 usque
1982 1182 2272 1262 gradum,
2304 1183 2633 1250 hereditas
2664 1205 2895 1250 vacare

505 1273 778 1440 gicitur,
853 1276 921 1336 et
991 1273 1072 1334 ad
1113 1271 1398 1435 )fiscum,
1470 1272 1535 1334 id
1608 1277 1709 1337 est
1779 1273 2102 1336 aerarium
2172 1272 2440 1352 regium,
2514 1274 2900 1342 transfertur

545 1361 624 1426 F.
673 1361 777 1426 15.
828 1359 1001 1427 Diei.
1049 1359 1113 1425 2.
1156 1409 1170 1426 .

713 1463 974 1517 Efficiens
1013 1479 1181 1517 causa
1219 1463 1578 1517 successionis
1619 1464 1687 1517 ab
1729 1462 1987 1516 intestato
2026 1466 2155 1514 sunt
2192 1477 2377 1515 omnes
2415 1461 2719 1530 leges‘'eam
2746 1461 2899 1529 juste

510 1535 829 1591 deferentes·

715 1605 1023 1674 Subjectum
1074 1614 1204 1662 sunt
1249 1605 1474 1675 legitimi
1526 1605 1772 1672 heredeS‚
1823 1607 1903 1658 vel
1944 1605 2353 1672 descendentes,
2404 1604 2487 1658 vel
2526 1605 2901 1674 ascendenteS,

511 1679 591 1732 vel
632 1678 990 1748 collateraleS,
1030 1687 1128 1733 aut
1161 1680 1271 1748 alii,
1312 1679 1378 1732 de
1417 1676 1610 1745 quibus
1650 1693 1793 1730 nunc
1834 1677 2080 1731 diximus.

709 1751 990 1817 ObJectum
1029 1755 1157 1804 sunt
1193 1767 1279 1805 res
1317 1747 1626 1804 derelictae.

714 1822 918 1877 Forma
956 1828 1058 1890 est,
1095 1829 1158 1876 ut
1181 1839 1291 1876 non
1331 1826 1480 1874 extet
1516 1825 1917 1888 testamentum,
1956 1820 2038 1873 vel
2068 1822 2139 1891 id,
2164 1821 2307 1890 quod
2334 1825 2502 1890 extat,
2528 1821 2601 1874 sit
2626 1820 2901 1891 injustum,

517 1901 614 1948 aut
650 1893 1005 1962 annullatum,
1043 1899 1140 1947 aut
1176 1893 1396 1962 legitimi
1432 1892 1662 1945 heredes
1702 1891 1889 1960 ordine
1925 1892 2108 1947 debito
2146 1892 2457 1946 succedant.

709 1965 868 2019 Finis
907 1972 990 2020 est
1027 1965 1345 2020 universalis
1384 1965 1648 2017 bonorum
1687 1963 2063 2017 derelictorum
2104 1964 2405 2033 acquisitio.

1231 2207 1358 2280 De
1407 2205 1685 2304 nuptiis
1740 2221 1801 2279 et
1850 2205 2178 2279 divortio,

1415 2367 1737 2434 Titulus
1782 2367 1991 2434 XXII.

718 2500 1160 2568 Praecedente
1225 2499 1410 2566 titulo
1483 2499 1725 2567 dictum
1796 2504 1915 2579 est,
1992 2501 2439 2567 intestatorum
2511 2501 2905 2569 hereditates

443 2604 472 2615 ··
521 2593 794 2675 primum
857 2592 940 2656 ad
996 2590 1235 2656 liberos
1295 2608 1374 2653 ex
1427 2589 1620 2669 Justis
1679 2587 1917 2669 nuptiis
1988 2589 2196 2653 editos
2253 2591 2617 2671 pertinere;
2686 2592 2903 2671 itaque

520 2697 918 2759 consequens
980 2682 1100 2758 est,
1157 2678 1310 2759 jura
1371 2695 1624 2757 quoque
1684 2678 2092 2757 nuptiarum,
2156 2696 2380 2742 earum
2440 2680 2732 2744 ordinem
2794 2687 2906 2743 aut

519 2767 1035 2836 observationem
1093 2766 1174 2830 de
1225 2766 1372 2845 jure
1421 2766 1747 2830 Canonico
1808 2783 2152 2845 exponere,
2218 2771 2289 2828 ut
2362 2773 2430 2832 et
2500 2766 2610 2846 illi,
2674 2768 2781 2846 qui
2840 2768 2899 2830 in

522 2854 914 2922 consistoriis
963 2854 1041 2918 de
1074 2853 1518 2934 conjungendo
1556 2852 1652 2917 vel
1685 2851 2046 2916 dirimendo
2086 2854 2491 2919 matrimonio
2523 2854 2903 2935 disceptant,

520 2944 642 3009 hoc
685 2942 908 3008 labore
954 2947 1173 3006 nostro
1222 2958 1472 3020 quoque
1514 2939 1727 3019 juvari
1774 2940 2033 3019 possint.

719 3029 882 3095 Sunt
926 3035 1141 3094 autem
1181 3028 1442 3107 nuptiae
1491 3026 1855 3105 conjunctio
1900 3027 2099 3091 maris
2158 3045 2233 3092 ac
2281 3028 2577 3109 feminae,
2640 3034 2707 3095 et
2754 3048 2899 3095 con·

523 3118 786 3184 sortium
835 3118 1262 3195 omnis-vitae,
1298 3114 1496 3180 divini
1527 3121 1593 3181 et
1623 3115 1882 3179 humani
1924 3114 2087 3193 juris
2119 3117 2603 3181 communicatio
2656 3110 2761 3198 (C.
2794 3118 2901 3183 33.

522 3196 846 3286 Dicta).
898 3205 1214 3269 Dicuntur
1261 3222 1300 3269 a
1345 3203 1665 3283 nubend0‚
1709 3202 1877 3282 quod
1922 3220 2089 3267 nova
2132 3210 2339 3283 nupta
2385 3206 2649 3285 pudoris
2696 3208 2905 3285 gratia

521 3314 590 3360 se
650 3295 935 3359 obnubat
992 3310 1067 3358 ac
1114 3293 1303 3373 velet,
1359 3292 1425 3355 in
1485 3292 1731 3372 signum
1794 3289 2230 3370 subjectionis,
2289 3297 2361 3356 ut
2416 3292 2581 3358 sciat
2640 3312 2707 3357 se
2770 3294 2904 3360 viro

516 3402 658 3448 esse
706 3380 1061 3461 subjectam
1110 3385 1175 3444 et
1221 3380 1428 3444 discat
1474 3398 1634 3443 esse.
1660 3377 1933 3445 humilis.

719 3469 1084 3551 synonyma
1129 3475 1279 3533 sunt
1319 3467 1704 3547 conjugium,
1738 3467 2142 3545 connubium,
2194 3469 2604 3549 consortium,
2637 3469 2904 3551 nuptiae

523 3565 635 3623 aut
680 3557 1184 3635 matrimonium3
1219 3574 1367 3620 nam
1399 3556 1670 3619 eandem
1702 3574 1838 3619 rem
1874 3553 2203 3619 denotant.
2239 3556 2478 3620 Verum
2508 3557 2905 3637 frequentius

523 3651 914 3728 usurpantur
979 3645 1288 3709 vocabula
1353 3644 1617 3723 nuptiae
1679 3648 1793 3707 aut
1864 3642 2357 3724 matrimonium,
2425 3662 2690 3723 quorum
2752 3642 2945 3710 illud.

519 3734 930 3799 festivitatem
977 3733 1281 3813 nuptialis
1322 3731 1470 3808 diei,
1520 3733 1638 3795 hoc
1687 3749 1840 3794 vero
1876 3736 2380 3796 consummatum
2428 3733 2904 3797 matrimonium

523 3824 783 3903 proprie
851 3819 1203 3901 significat3
1275 3819 1388 3883 sed
1459 3818 1819 3899 promiscue
1888 3818 1952 3882 in
2013 3817 2162 3897 Jure
2223 3820 2586 3900 capiuntur.
2656 3821 2908 3884 Dicitur

523 3915 734 3975 autem
781 3908 1254 3974 matrimonium
1314 3909 1494 3985 quasi
1528 3907 1752 3971 matris
1791 3905 2094 3983 munium,
2132 3906 2252 3972 hoc
2300 3914 2400 3973 est
2431 3906 2725 3987 officium,
2759 3909 2906 3988 quia

523 3997 640 4061 dat
683 3997 1057 4062 mulieribus
1103 4014 1244 4061 esse
1290 3999 1548 4059 matres.
1597 3994 1753 4059 Ideo
1801 3994 2015 4074 potius
2064 4012 2103 4057 a
2150 3999 2356 4060 matre
2404 3996 2638 4061 dicitur
2684 3997 2902 4061 matri-

526 4086 824 4164 monium,
885 4101 1072 4164 quam
1119 4102 1158 4149 a
1202 4090 1417 4165 patre;
1480 4086 1690 4145 mater
1735 4100 1965 4162 nempe
2012 4081 2199 4161 plura
2259 4084 2644 4149 matrimonii
2708 4103 2905 4147 onera

521 4174 815 4253 sustinet,
866 4190 1055 4252 quum
1105 4173 1189 4236 sit
1237 4177 1386 4236 ante
1431 4177 1683 4251 partum
1718 4188 2009 4248 onerosa,
2058 4170 2120 4234 in
2156 4178 2345 4251 partu
2398 4172 2712 4253 dolorosa,
2762 4178 2905 4253 post

523 4268 782 4345 partum
854 4260 1195 4325 laboriosa.
1266 4259 1404 4323 Nec
1472 4266 1686 4323 tamen
1756 4258 1901 4323 ideo
1971 4258 2167 4322 debet
2223 4276 2362 4323 esse
2410 4264 2609 4342 caput
2674 4260 2902 4337 mariti,

524 4352 673 4430 quia
716 4367 841 4413 non
889 4354 990 4413 est
1034 4348 1207 4413 facta
1252 4366 1331 4412 ex
1365 4348 1578 4429 capite
1627 4346 1785 4426 ejus,
1834 4365 1915 4411 ne
1962 4345 2292 4411 videretur
2324 4348 2600 4426 domina,
2664 4366 2781 4413 nec
2828 4368 2906 4411 ex

523 4439 712 4519 pede,
757 4456 838 4503 ne
886 4436 1140 4501 omnino
1188 4433 1519 4501 videretur
1561 4433 1821 4505 famula.
1870 4434 1982 4498 sed
2032 4452 2109 4499 ex
2158 4440 2354 4512 costa,
2403 4441 2476 4500 ut
2518 4434 2907 4502 collateralis

523 4537 636 4591 aut
681 4526 798 4591 viri
845 4524 1037 4589 socia.
