3350 5050
1249 500 1360 555 Tit.
1396 500 1564 572 ΚΝ,
1583 499 1719 556 XV.
1756 507 1825 556 et·
1852 500 1999 558 xvr.
2741 501 2823 570 29

1118 695 1243 767 De
1285 694 1703 792 probatione
1744 723 1885 794 per
1934 709 2137 768 testes.

1345 861 1688 927 Titulus
1732 863 1907 927 XVI.

644 997 869 1063 Tertia
897 994 1342 1077 probationum
1392 993 1645 1074 species
1691 998 1809 1072 est,
1858 1011 2021 1074 quae
2054 993 2126 1058 fit
2153 1013 2270 1075 per
2312 995 2577 1060 idoneos
2608 1001 2827 1076 testes,

445 1087 556 1167 qui
639 1085 1030 1166 regulariter
1098 1083 1540 1162 producuntur
1609 1087 1676 1146 et
1743 1081 2187 1147 examinentur
2250 1087 2395 1163 post
2462 1081 2593 1147 litis
2673 1103 2823 1150 con-

446 1174 853 1238 testationem
902 1161 1020 1251 (Β.
1071 1169 1170 1233 42.
1229 1169 1398 1234 Diat.
1455 1159 1556 1248 1.)
2756 1201 2759 1204 ⁴

643 1261 868 1327 Idonei
885 1263 1082 1324 testes
1106 1257 1355 1323 suntilli
1373 1257 1719 1322 secundum
1741 1256 1879 1339 Imp
1893 1309 1925 1338 .,
1948 1277 2211 1338 quorum
2232 1256 2391 1322 fides
2404 1277 2530 1324 non
2550 1260 2827 1325 vacillat.

499 1420 508 1427 ,
651 1349 718 1413 Si
780 1348 922 1428 quis
986 1352 1182 1410 testes
1245 1346 1356 1410 lite
1423 1364 1548 1409 non
1613 1350 1975 1410 contestata
2038 1345 2121 1410 ad
2188 1365 2451 1411 examen
2511 1348 2827 1428 producit,

451 1439 797 1505 mulctatur
865 1437 945 1500 de
1016 1433 1175 1497 Jure
1247 1433 1431 1498 Prov.
1488 1433 1713 1497 decem
1782 1436 2119 1514 sexagenis
2186 1453 2550 1516 grossorum
2645 1429 2825 1516 (Jua.

459 1529 648 1592 Prov.
698 1525 768 1590 Ρ.
805 1521 949 1600 7.);
996 1523 1075 1586 (le
1117 1523 1262 1600 jure
1313 1527 1527 1586 autem
1577 1520 1888 1602 Pragensi
1936 1524 2215 1602 quinque
2262 1524 2601 1602 sexagenis
2648 1541 2832 1604 gros—

454 1634 668 1681 sorum
717 1601 833 1692 (B.
886 1610 988 1675 42.
1041 1608 1212 1675 Dist.
1262 1608 1368 1684 2.)

657 1700 784 1765 Sed
837 1701 889 1764 si
939 1699 1103 1762 forte
1152 1698 1232 1761 de
1283 1702 1488 1760 morte
1547 1698 1803 1762 testium
1853 1699 2177 1776 timeatur,
2242 1699 2337 1762 vel
2396 1698 2477 1762 de
2540 1700 2833 1766 absentia

460 1793 798 1856 diuturna:
859 1789 923 1851 in
971 1787 1068 1850 his
1115 1788 1366 1852 casibus
1425 1791 1494 1849 et
1538 1784 1867 1864 similibuS,
1922 1805 2003 1850 ne
2054 1788 2289 1851 veritas
2351 1785 2707 1852 occultetur
2769 1796 2835 1853 et

462 1875 860 1963 probationis
907 1874 1092 1955 copia
1133 1873 1415 1938 fortuitis
1483 1873 1737 1939 casibus
1783 1874 2221 1954 subtrahatur,
2284 1893 2473 1938 senes
2521 1877 2828 1940 valetudi-

463 1967 627 2033 narii
675 1970 744 2029 et
789 1963 895 2026 alii
941 1966 1161 2041 testeS,
1211 1962 1292 2025 de
1327 1963 1554 2040 quibus
1585 1980 1666 2026 ex
1698 1962 1965 2026 notabili
1998 1981 2193 2026 causa
2238 1963 2515 2042 timetur,
2566 1963 2677 2027 lite
2708 1983 2834 2029 non

471 2057 832 2121 contestata
879 2049 1136 2131 impune
1170 2050 1610 2126 admittuntur,
1658 2066 1775 2113 seu
1819 2067 1969 2130 pars
2003 2055 2317 2116 conventa
2362 2051 2447 2115 sit
2478 2059 2835 2128 contumax,

465 2163 577 2210 seu
626 2141 860 2205 absens
908 2139 1148 2217 absque
1197 2136 1470 2216 malicia,
1520 2136 1691 2217 quod
1738 2139 2065 2203 conveniri
2131 2157 2259 2204 non
2303 2140 2509 2220 possit
2558 2131 2676 2218 (Β.
2728 2139 2829 2204 42.

460 2232 634 2297 Diet.
681 2231 740 2292 4.
791 2227 918 2292 Ju8
963 2225 1154 2290 Prov.
1209 2226 1284 2290 P.
1333 2215 1436 2302 8.)

658 2316 1096 2398 Producturus
1167 2321 1372 2378 testes
1433 2313 1742 2393 imprimis
1789 2313 2110 2378 consulem
2158 2315 2368 2393 adeat,
2429 2319 2495 2378 et
2553 2321 2753 2379 testes
2802 2333 2841 2378 a

464 2423 650 2471 servo
696 2403 951 2484 publico
1005 2421 1124 2482 per
1185 2402 1442 2466 chartas
1500 2403 1832 2480 dissectaS,
1898 2402 2125 2480 quibus
2184 2402 2262 2466 de
2310 2402 2471 2482 loco,
2529 2407 2837 2484 tempore,

467 2494 776 2576 qualitate
863 2496 932 2555 et
1001 2490 1142 2556 aliis
1213 2489 1459 2555 ferendi
1528 2489 1875 2554 testimonii
1943 2489 2435 2557 circumstantiis
2504 2492 2840 2557 certiorari

467 2583 732 2665 possint,
779 2578 1060 2658 legitime
1108 2578 1304 2643 faciat
1351 2579 1538 2643 citari
1584 2570 1701 2657 (Β.
1754 2568 1902 2655 47.)

666 2668 754 2733 Et
810 2669 864 2731 si
910 2672 1112 2731 testes
1172 2669 1321 2731 sunt
1365 2665 1709 2747 peregrini,
1773 2666 2029 2747 subditi,
2092 2668 2283 2748 servi,
2344 2668 2500 2733 viles
2564 2672 2631 2731 et
2675 2669 2839 2748 vagi,

469 2776 703 2837 eosque
750 2757 813 2820 in
851 2755 974 2820 alio
1007 2755 1144 2819 foro
1180 2773 1368 2835 quam
1402 2754 1510 2819 ubi
1540 2754 1618 2817 lis
1651 2756 1947 2833 vertitur,
1979 2755 2337 2836 producere
2370 2757 2555 2822 velit:
2590 2762 2845 2837 oportet

471 2852 536 2911 et
599 2851 848 2926 partem
911 2842 1250 2907 adversam
1310 2861 1430 2923 per
1485 2840 1775 2906 chartam
1840 2841 2105 2907 incisam
2165 2844 2371 2923 citari,
2432 2863 2556 2924 quo
2605 2845 2841 2923 videat,

473 2935 583 3014 qui
627 2938 826 2997 testes
874 2938 1100 2996 contra
1145 2950 1214 2995 se
1263 2930 1723 3011 producantur.
1788 2929 1857 2995 si
1904 2949 2055 3010 pars
2104 2931 2376 2997 adversa
2436 2949 2561 2997 non
2608 2932 2846 2997 habeat

470 3020 885 3085 residentiam
919 3020 982 3083 in
1015 3039 1090 3084 eo
1123 3018 1281 3090 foro,
1329 3018 1393 3081 in
1428 3036 1551 3097 quo
1588 3022 1787 3082 testes
1824 3019 1915 3082 vis
1954 3022 2348 3099 producere:
2384 3028 2517 3085 tum
2551 3022 2843 3101 septiduo

473 3116 644 3192 ante,
693 3109 746 3173 si
800 3125 950 3171 vero
997 3108 1280 3187 ejusdem
1331 3112 1432 3171 est
1476 3105 1616 3182 fori,
1666 3112 1800 3169 tum
1849 3108 2075 3171 saltem
2130 3110 2325 3174 biduo
2374 3115 2523 3173 ante
2568 3108 2843 3190 produc-

471 3200 709 3263 tionem
757 3196 1013 3259 testium
1045 3214 1200 3276 pars
1245 3195 1519 3260 adversa
1567 3194 1683 3259 tibi
1716 3200 1815 3258 est
1846 3196 2284 3275 certioranda3
2336 3198 2496 3260 alias
2533 3199 2846 3277 depositio

475 3286 735 3351 testium
779 3283 921 3364 ipso
962 3284 1109 3360 ‚iure
1158 3287 1258 3348 est
1305 3282 1478 3345 nulla
1546 3273 1665 3363 (Β.
1712 3281 1817 3346 43.
1866 3280 2042 3347 Dist.
2092 3286 2151 3349 1.
2199 3285 2325 3350 Jas
2356 3286 2553 3349 Prov.
2592 3285 2663 3349 Ρ.
2700 3274 2844 3363 15.)

673 3372 872 3435 Facta
895 3371 1229 3451 praedicta
1256 3372 1580 3447 citatione,
1615 3388 1768 3449 pars
1800 3370 2092 3451 adversa,
2120 3373 2254 3437 sive
2290 3376 2507 3437 veniat
2532 3374 2667 3438 sive
2698 3392 2847 3451 non,

480 3467 680 3527 testes
729 3466 946 3523 tamen
978 3460 1176 3539 recipi
1207 3462 1494 3538 possunt,
1528 3460 1911 3537 praesertim
1958 3468 2104 3540 post
2144 3462 2367 3526 horam
2401 3464 2662 3526 tertiam
2694 3460 2846 3525 solis

473 3546 868 3630 splendentis
917 3538 1033 3625 (Β.
1083 3546 1186 3611 43.
1237 3546 1410 3609 Diae.
1460 3542 1562 3622 2.)

668 3636 786 3700 Jus
833 3634 1024 3715 Prag.
1074 3654 1216 3701 cum
1260 3634 1418 3697 Jure
1465 3632 1656 3698 ProV.
1704 3634 1822 3698 hoc
1872 3654 2024 3701 casu
2084 3637 2147 3701 in
2196 3637 2485 3702 omnibus
2534 3638 2846 3715 convenit,

473 3729 740 3805 excepto
819 3742 916 3801 eo,
988 3723 1155 3802 quod
1221 3740 1347 3787 non
1407 3722 1792 3786 mentionem
1856 3724 2052 3788 faciat
2108 3725 2581 3790 certiorationis
2643 3726 2849 3805 partis

474 3813 786 3877 adversae
846 3811 1036 3876 biduo
1085 3817 1234 3876 ante
1281 3809 1535 3875 testium
1584 3811 2069 3891 productionem
2131 3812 2467 3878 faciendae
2538 3804 2652 3892 (Ρ.
2703 3805 2847 3893 15.)

669 3899 876 3978 Quum
940 3901 1254 3979 rescripto
1304 3897 1622 3962 Hadriani
1686 3900 1955 3965 testibus
2012 3905 2079 3965 et
2138 3919 2263 3965 non
2324 3901 2703 3966 testimoniis
2766 3903 2851 3965 sit

475 3988 888 4065 credendum,
938 3991 1003 4052 et
1047 3993 1273 4052 autore
1322 3987 1618 4050 Cornelio
1668 3986 1889 4053 Tacito
1939 3989 2309 4053 testimonia
2354 4008 2477 4053 non
2530 3989 2847 4067 absenteS,

476 4096 592 4141 nec
639 4097 758 4157 per
799 4075 1100 4141 tabellam
1133 4078 1308 4151 dare,
1343 4075 1455 4139 sed
1492 4092 1704 4140 coram
1754 4084 1823 4139 et
1854 4084 2227 4157 praesentes
2258 4076 2473 4141 dicere
2522 4085 2849 4158 cogantur,

473 4184 594 4229 nec
641 4184 767 4229 non
817 4164 1321 4228 testimoniorum
1371 4181 1540 4241 usus,
1591 4165 1759 4242 quod
1818 4167 1902 4229 sit
1946 4164 2246 4246 frequens
2308 4184 2383 4231 ac
2428 4166 2851 4243 necessarum,

478 4254 557 4317 ab
596 4252 696 4317 his
728 4252 1074 4333 praecipue
1122 4252 1490 4331 exigenduS,
1529 4270 1799 4331 quorum
1847 4251 2005 4317 fides
2036 4274 2161 4319 non
2197 4253 2483 4319 vacillat:
2528 4254 2675 4331 jure
2724 4262 2853 4317 tam

477 4340 808 4405 Pontificio
869 4358 1062 4420 quarn
1112 4340 1431 4403 Caesareo
1492 4344 1749 4403 cautum
1800 4350 1917 4418 est,
1978 4347 2047 4405 ut
2107 4347 2305 4407 testes
2362 4344 2610 4406 nonnisi
2652 4342 2857 4421 jurati

477 4430 804 4509 deponant
849 4420 968 4509 (Β.
1001 4428 1105 4492 48.
1141 4428 1222 4493 Β.
1255 4428 1360 4492 50.
1401 4427 1526 4491 Jus
1557 4427 1755 4491 Prov.
1789 4428 1866 4492 P.
1897 4429 1955 4494 3.
2010 4429 2082 4494 Ρ.
2115 4429 2223 4494 33.
2272 4428 2351 4494 Χ.
2382 4430 2491 4495 26.
2539 4430 2609 4494 in
2632 4426 2806 4517 fine)
2830 4454 2857 4509 ;

474 4518 599 4581 nisi
643 4536 684 4581 a
727 4522 916 4598 parte
965 4516 1240 4581 adversa
1294 4514 1728 4594 juramentum
1773 4517 2143 4582 remittatur
2210 4507 2329 4596 (B.
2378 4519 2483 4585 41.
2533 4517 2705 4583 Βίει.
2753 4508 2857 4600 3.)
