<?xml version="1.0" encoding="UTF-8"?>
<!DOCTYPE html PUBLIC "-//W3C//DTD XHTML 1.0 Transitional//EN"
    "http://www.w3.org/TR/xhtml1/DTD/xhtml1-transitional.dtd">
<html xmlns="http://www.w3.org/1999/xhtml" xml:lang="en" lang="en">
 <head>
  <title>
</title>
<meta http-equiv="Content-Type" content="text/html;charset=utf-8" />
  <meta name='ocr-system' content='tesseract 3.04.00' />
  <meta name='ocr-capabilities' content='ocr_page ocr_carea ocr_par ocr_line ocrx_word'/>
</head>
<body>
  <div class='ocr_page' id='page_1' title='image "./spisyprvnickopr00repugoog_0055.png"; bbox 0 0 3350 5050; ppageno 0'>
   <div class='ocr_carea' id='block_1_1' title="bbox 1469 531 2827 602">
    <p class='ocr_par' dir='ltr' id='par_1_1' title="bbox 1469 531 2827 602">
     <span class='ocr_line' id='line_1_1' title="bbox 1469 531 2827 602; baseline 0.002 -18"><span class='ocrx_word' id='word_1_1' title='bbox 1469 531 1574 586; x_wconf 77' lang='lat' dir='ltr'><strong>Tu.</strong></span> <span class='ocrx_word' id='word_1_2' title='bbox 1613 531 1791 586; x_wconf 81' lang='lat' dir='ltr'><strong>xxn.</strong></span> <span class='ocrx_word' id='word_1_3' title='bbox 2742 532 2827 602; x_wconf 76' lang='lat'><strong>43</strong></span> 
     </span>
    </p>
   </div>
   <div class='ocr_carea' id='block_1_2' title="bbox 1393 735 1866 815">
    <p class='ocr_par' dir='ltr' id='par_1_2' title="bbox 1393 735 1866 815">
     <span class='ocr_line' id='line_1_2' title="bbox 1393 735 1866 815; baseline 0 -17"><span class='ocrx_word' id='word_1_4' title='bbox 1393 735 1476 799; x_wconf 82' lang='lat' dir='ltr'><strong>IL</strong></span> <span class='ocrx_word' id='word_1_5' title='bbox 1530 735 1866 815; x_wconf 56' lang='lat' dir='ltr'><strong>Regula</strong></span> 
     </span>
    </p>
   </div>
   <div class='ocr_carea' id='block_1_3' title="bbox 443 872 2831 1478">
    <p class='ocr_par' dir='ltr' id='par_1_3' title="bbox 443 872 2828 1138">
     <span class='ocr_line' id='line_1_3' title="bbox 639 872 2827 954; baseline 0 -18"><span class='ocrx_word' id='word_1_6' title='bbox 639 872 936 939; x_wconf 90' lang='lat' dir='ltr'><strong>Conditio</strong></span> <span class='ocrx_word' id='word_1_7' title='bbox 968 875 1304 940; x_wconf 85' lang='lat' dir='ltr'><strong>inhonesta</strong></span> <span class='ocrx_word' id='word_1_8' title='bbox 1335 880 1403 938; x_wconf 91' lang='lat' dir='ltr'><strong>et</strong></span> <span class='ocrx_word' id='word_1_9' title='bbox 1435 874 1777 954; x_wconf 86' lang='lat' dir='ltr'><strong>possibilis,</strong></span> <span class='ocrx_word' id='word_1_10' title='bbox 1810 894 1975 954; x_wconf 86' lang='lat' dir='ltr'><strong>quae</strong></span> <span class='ocrx_word' id='word_1_11' title='bbox 2017 879 2119 938; x_wconf 89' lang='lat' dir='ltr'><strong>est</strong></span> <span class='ocrx_word' id='word_1_12' title='bbox 2146 881 2370 939; x_wconf 87' lang='lat' dir='ltr'><strong>contra</strong></span> <span class='ocrx_word' id='word_1_13' title='bbox 2400 875 2827 941; x_wconf 81' lang='lat' dir='ltr'><strong>substantiam</strong></span> 
     </span>
     <span class='ocr_line' id='line_1_4' title="bbox 443 960 2828 1044; baseline 0.002 -22"><span class='ocrx_word' id='word_1_14' title='bbox 443 960 851 1038; x_wconf 78' lang='lat' dir='ltr'>matrimonii,</span> <span class='ocrx_word' id='word_1_15' title='bbox 901 962 1190 1028; x_wconf 88' lang='lat' dir='ltr'><strong>dissolvit</strong></span> <span class='ocrx_word' id='word_1_16' title='bbox 1237 961 1578 1043; x_wconf 84' lang='lat' dir='ltr'>sponsalia,</span> <span class='ocrx_word' id='word_1_17' title='bbox 1628 963 1719 1026; x_wconf 86' lang='lat' dir='ltr'><strong>ita</strong></span> <span class='ocrx_word' id='word_1_18' title='bbox 1769 967 1839 1026; x_wconf 91' lang='lat' dir='ltr'><strong>ut</strong></span> <span class='ocrx_word' id='word_1_19' title='bbox 1883 980 2002 1026; x_wconf 90' lang='lat' dir='ltr'><strong>nec</strong></span> <span class='ocrx_word' id='word_1_20' title='bbox 2034 969 2184 1042; x_wconf 89' lang='lat' dir='ltr'><strong>post</strong></span> <span class='ocrx_word' id='word_1_21' title='bbox 2213 969 2500 1028; x_wconf 87' lang='lat' dir='ltr'><strong>secutam</strong></span> <span class='ocrx_word' id='word_1_22' title='bbox 2538 963 2828 1044; x_wconf 86' lang='lat' dir='ltr'><strong>copulam</strong></span> 
     </span>
     <span class='ocr_line' id='line_1_5' title="bbox 443 1048 1652 1138; baseline 0.003 -26"><span class='ocrx_word' id='word_1_23' title='bbox 443 1048 764 1113; x_wconf 88' lang='lat' dir='ltr'><strong>carnalem</strong></span> <span class='ocrx_word' id='word_1_24' title='bbox 814 1049 1286 1115; x_wconf 84' lang='lat' dir='ltr'><strong>confirmentur.</strong></span> <span class='ocrx_word' id='word_1_25' title='bbox 1647 1130 1652 1138; x_wconf 19' lang='grc' dir='ltr'><em>ς</em></span> 
     </span>
    </p>

    <p class='ocr_par' dir='ltr' id='par_1_4' title="bbox 445 1137 2831 1478">
     <span class='ocr_line' id='line_1_6' title="bbox 643 1137 2829 1220; baseline 0.002 -20"><span class='ocrx_word' id='word_1_26' title='bbox 643 1137 1082 1202; x_wconf 88' lang='lat' dir='ltr'><strong>Conditionem</strong></span> <span class='ocrx_word' id='word_1_27' title='bbox 1132 1139 1534 1203; x_wconf 83' lang='lat' dir='ltr'><strong>inhonestam</strong></span> <span class='ocrx_word' id='word_1_28' title='bbox 1593 1145 1658 1204; x_wconf 85' lang='lat' dir='ltr'><strong>et</strong></span> <span class='ocrx_word' id='word_1_29' title='bbox 1706 1138 2069 1218; x_wconf 87' lang='lat' dir='ltr'><strong>possibilem</strong></span> <span class='ocrx_word' id='word_1_30' title='bbox 2117 1138 2401 1217; x_wconf 76' lang='lat' dir='ltr'><strong>intellige</strong></span> <span class='ocrx_word' id='word_1_31' title='bbox 2450 1158 2615 1220; x_wconf 87' lang='lat' dir='ltr'><strong>eam,</strong></span> <span class='ocrx_word' id='word_1_32' title='bbox 2665 1159 2829 1219; x_wconf 88' lang='lat' dir='ltr'><strong>quae</strong></span> 
     </span>
     <span class='ocr_line' id='line_1_7' title="bbox 445 1223 2831 1309; baseline 0.002 -22"><span class='ocrx_word' id='word_1_33' title='bbox 445 1223 842 1290; x_wconf 80' lang='lat' dir='ltr'><strong>manifestam</strong></span> <span class='ocrx_word' id='word_1_34' title='bbox 905 1227 970 1290; x_wconf 92' lang='lat' dir='ltr'><strong>in</strong></span> <span class='ocrx_word' id='word_1_35' title='bbox 1018 1244 1087 1291; x_wconf 87' lang='lat' dir='ltr'><strong>se</strong></span> <span class='ocrx_word' id='word_1_36' title='bbox 1148 1226 1611 1308; x_wconf 84' lang='lat' dir='ltr'><strong>turpitudinem</strong></span> <span class='ocrx_word' id='word_1_37' title='bbox 1658 1226 1857 1291; x_wconf 88' lang='lat' dir='ltr'><strong>habet</strong></span> <span class='ocrx_word' id='word_1_38' title='bbox 1933 1245 2007 1291; x_wconf 82' lang='lat' dir='ltr'><strong>ac</strong></span> <span class='ocrx_word' id='word_1_39' title='bbox 2052 1226 2238 1292; x_wconf 86' lang='lat' dir='ltr'><strong>facile</strong></span> <span class='ocrx_word' id='word_1_40' title='bbox 2284 1234 2498 1308; x_wconf 89' lang='lat' dir='ltr'><strong>potest</strong></span> <span class='ocrx_word' id='word_1_41' title='bbox 2556 1229 2831 1309; x_wconf 87' lang='lat' dir='ltr'><strong>impleri,</strong></span> 
     </span>
     <span class='ocr_line' id='line_1_8' title="bbox 445 1306 2829 1396; baseline 0.002 -20"><span class='ocrx_word' id='word_1_42' title='bbox 445 1317 554 1376; x_wconf 89' lang='lat' dir='ltr'><strong>ut:</strong></span> <span class='ocrx_word' id='word_1_43' title='bbox 613 1313 972 1392; x_wconf 85' lang='lat' dir='ltr'><strong>„Contrabo</strong></span> <span class='ocrx_word' id='word_1_44' title='bbox 1021 1323 1249 1395; x_wconf 87' lang='lat' dir='ltr'><strong>tecum,</strong></span> <span class='ocrx_word' id='word_1_45' title='bbox 1297 1316 1346 1378; x_wconf 90' lang='lat' dir='ltr'><strong>si</strong></span> <span class='ocrx_word' id='word_1_46' title='bbox 1384 1315 1863 1395; x_wconf 85' lang='lat' dir='ltr'><strong>generationem</strong></span> <span class='ocrx_word' id='word_1_47' title='bbox 1898 1315 2094 1396; x_wconf 90' lang='lat' dir='ltr'><strong>prolis</strong></span> <span class='ocrx_word' id='word_1_48' title='bbox 2126 1306 2387 1395; x_wconf 78' lang='lat' dir='ltr'><strong>eviteS‚“</strong></span> <span class='ocrx_word' id='word_1_49' title='bbox 2438 1323 2551 1380; x_wconf 88' lang='lat' dir='ltr'><strong>aut</strong></span> <span class='ocrx_word' id='word_1_50' title='bbox 2589 1317 2679 1395; x_wconf 87' lang='lat' dir='ltr'><strong>„si</strong></span> <span class='ocrx_word' id='word_1_51' title='bbox 2712 1333 2829 1396; x_wconf 88' lang='lat' dir='ltr'><strong>pro</strong></span> 
     </span>
     <span class='ocr_line' id='line_1_9' title="bbox 445 1393 1699 1478; baseline 0.002 -15"><span class='ocrx_word' id='word_1_52' title='bbox 445 1407 720 1478; x_wconf 83' lang='lat' dir='ltr'><strong>quaestu</strong></span> <span class='ocrx_word' id='word_1_53' title='bbox 768 1402 1256 1467; x_wconf 80' lang='lat' dir='ltr'><strong>adulterandam</strong></span> <span class='ocrx_word' id='word_1_54' title='bbox 1304 1409 1370 1467; x_wconf 88' lang='lat' dir='ltr'><strong>te</strong></span> <span class='ocrx_word' id='word_1_55' title='bbox 1418 1393 1699 1468; x_wconf 78' lang='lat' dir='ltr'><strong>tradaS.“</strong></span> 
     </span>
    </p>
   </div>
   <div class='ocr_carea' id='block_1_4' title="bbox 1376 1601 1896 1682">
    <p class='ocr_par' dir='ltr' id='par_1_5' title="bbox 1376 1601 1896 1682">
     <span class='ocr_line' id='line_1_10' title="bbox 1376 1601 1896 1682; baseline 0.002 -17"><span class='ocrx_word' id='word_1_56' title='bbox 1376 1601 1494 1666; x_wconf 91' lang='lat'>111.</span> <span class='ocrx_word' id='word_1_57' title='bbox 1544 1602 1896 1682; x_wconf 84' lang='lat' dir='ltr'><strong>Regula.</strong></span> 
     </span>
    </p>
   </div>
   <div class='ocr_carea' id='block_1_5' title="bbox 443 1737 2835 1996">
    <p class='ocr_par' dir='ltr' id='par_1_6' title="bbox 443 1737 2835 1996">
     <span class='ocr_line' id='line_1_11' title="bbox 642 1737 2835 1821; baseline -0.001 -16"><span class='ocrx_word' id='word_1_58' title='bbox 642 1739 940 1807; x_wconf 87' lang='lat' dir='ltr'><strong>Conditio</strong></span> <span class='ocrx_word' id='word_1_59' title='bbox 986 1737 1260 1804; x_wconf 85' lang='lat' dir='ltr'><strong>honesta</strong></span> <span class='ocrx_word' id='word_1_60' title='bbox 1317 1745 1384 1804; x_wconf 90' lang='lat' dir='ltr'><strong>et</strong></span> <span class='ocrx_word' id='word_1_61' title='bbox 1428 1740 1844 1820; x_wconf 87' lang='lat' dir='ltr'><strong>impossibilis</strong></span> <span class='ocrx_word' id='word_1_62' title='bbox 1905 1759 2026 1804; x_wconf 90' lang='lat' dir='ltr'><strong>non</strong></span> <span class='ocrx_word' id='word_1_63' title='bbox 2078 1741 2271 1805; x_wconf 83' lang='lat' dir='ltr'><strong>viciat</strong></span> <span class='ocrx_word' id='word_1_64' title='bbox 2316 1741 2659 1821; x_wconf 83' lang='lat' dir='ltr'><strong>sponsalia,</strong></span> <span class='ocrx_word' id='word_1_65' title='bbox 2724 1739 2835 1804; x_wconf 85' lang='lat' dir='ltr'><strong>sed</strong></span> 
     </span>
     <span class='ocr_line' id='line_1_12' title="bbox 443 1826 2831 1908; baseline 0.001 -18"><span class='ocrx_word' id='word_1_66' title='bbox 443 1826 662 1892; x_wconf 81' lang='lat' dir='ltr'><strong>favore</strong></span> <span class='ocrx_word' id='word_1_67' title='bbox 709 1828 1101 1893; x_wconf 80' lang='lat' dir='ltr'><strong>matrimonii</strong></span> <span class='ocrx_word' id='word_1_68' title='bbox 1147 1846 1264 1908; x_wconf 89' lang='lat' dir='ltr'><strong>pro</strong></span> <span class='ocrx_word' id='word_1_69' title='bbox 1311 1847 1435 1892; x_wconf 91' lang='lat' dir='ltr'><strong>non</strong></span> <span class='ocrx_word' id='word_1_70' title='bbox 1485 1829 1743 1906; x_wconf 78' lang='lat' dir='ltr'><strong>adiecta</strong></span> <span class='ocrx_word' id='word_1_71' title='bbox 1795 1828 2090 1906; x_wconf 87' lang='lat' dir='ltr'><strong>habetur,</strong></span> <span class='ocrx_word' id='word_1_72' title='bbox 2127 1827 2321 1893; x_wconf 90' lang='lat' dir='ltr'><strong>veluti</strong></span> <span class='ocrx_word' id='word_1_73' title='bbox 2370 1828 2425 1893; x_wconf 85' lang='lat' dir='ltr'><strong>si</strong></span> <span class='ocrx_word' id='word_1_74' title='bbox 2458 1829 2599 1907; x_wconf 85' lang='lat' dir='ltr'><strong>quis</strong></span> <span class='ocrx_word' id='word_1_75' title='bbox 2630 1828 2831 1893; x_wconf 87' lang='lat' dir='ltr'><strong>dicat:</strong></span> 
     </span>
     <span class='ocr_line' id='line_1_13' title="bbox 451 1907 2440 1996; baseline 0.002 -18"><span class='ocrx_word' id='word_1_76' title='bbox 451 1915 762 1995; x_wconf 86' lang='lat' dir='ltr'><strong>„Habebo</strong></span> <span class='ocrx_word' id='word_1_77' title='bbox 814 1921 878 1980; x_wconf 90' lang='lat' dir='ltr'><strong>te</strong></span> <span class='ocrx_word' id='word_1_78' title='bbox 927 1934 1044 1996; x_wconf 88' lang='lat' dir='ltr'><strong>pro</strong></span> <span class='ocrx_word' id='word_1_79' title='bbox 1093 1932 1309 1995; x_wconf 84' lang='lat' dir='ltr'><strong>uxore,</strong></span> <span class='ocrx_word' id='word_1_80' title='bbox 1359 1917 1412 1980; x_wconf 88' lang='lat' dir='ltr'><strong>si</strong></span> <span class='ocrx_word' id='word_1_81' title='bbox 1462 1933 1604 1980; x_wconf 84' lang='lat' dir='ltr'><strong>cras</strong></span> <span class='ocrx_word' id='word_1_82' title='bbox 1664 1915 1868 1980; x_wconf 79' lang='grc'><strong>10000</strong></span> <span class='ocrx_word' id='word_1_83' title='bbox 1919 1915 2070 1980; x_wconf 86' lang='lat' dir='ltr'><strong>mihi</strong></span> <span class='ocrx_word' id='word_1_84' title='bbox 2116 1907 2440 1982; x_wconf 80' lang='lat' dir='ltr'><strong>dederiS.“</strong></span> 
     </span>
    </p>
   </div>
   <div class='ocr_carea' id='block_1_6' title="bbox 1379 2065 1939 2195">
    <p class='ocr_par' dir='ltr' id='par_1_7' title="bbox 1379 2065 1939 2195">
     <span class='ocr_line' id='line_1_14' title="bbox 1379 2065 1939 2195; baseline -0.002 -16"><span class='ocrx_word' id='word_1_85' title='bbox 1379 2065 1939 2195; x_wconf 46' lang='lat' dir='ltr'><strong>1V.Regula‘</strong></span> 
     </span>
    </p>
   </div>
   <div class='ocr_carea' id='block_1_7' title="bbox 455 2249 2841 2421">
    <p class='ocr_par' dir='ltr' id='par_1_8' title="bbox 455 2249 2841 2421">
     <span class='ocr_line' id='line_1_15' title="bbox 655 2249 2841 2331; baseline 0.001 -16"><span class='ocrx_word' id='word_1_86' title='bbox 655 2249 952 2316; x_wconf 90' lang='lat' dir='ltr'><strong>Conditio</strong></span> <span class='ocrx_word' id='word_1_87' title='bbox 979 2249 1319 2316; x_wconf 85' lang='lat' dir='ltr'><strong>inhonesta</strong></span> <span class='ocrx_word' id='word_1_88' title='bbox 1343 2257 1408 2315; x_wconf 91' lang='lat' dir='ltr'><strong>et</strong></span> <span class='ocrx_word' id='word_1_89' title='bbox 1429 2249 1839 2331; x_wconf 86' lang='lat' dir='ltr'><strong>impossibilis</strong></span> <span class='ocrx_word' id='word_1_90' title='bbox 1871 2251 2119 2315; x_wconf 89' lang='lat' dir='ltr'><strong>ratione</strong></span> <span class='ocrx_word' id='word_1_91' title='bbox 2152 2252 2539 2316; x_wconf 85' lang='lat' dir='ltr'><strong>matrimonii</strong></span> <span class='ocrx_word' id='word_1_92' title='bbox 2565 2252 2841 2318; x_wconf 88' lang='lat' dir='ltr'><strong>habetur</strong></span> 
     </span>
     <span class='ocr_line' id='line_1_16' title="bbox 455 2332 2831 2421; baseline 0.001 -19"><span class='ocrx_word' id='word_1_93' title='bbox 455 2356 570 2418; x_wconf 87' lang='lat' dir='ltr'><strong>pro</strong></span> <span class='ocrx_word' id='word_1_94' title='bbox 605 2356 728 2404; x_wconf 88' lang='lat' dir='ltr'><strong>non</strong></span> <span class='ocrx_word' id='word_1_95' title='bbox 766 2339 1042 2420; x_wconf 88' lang='lat' dir='ltr'><strong>adjecta,</strong></span> <span class='ocrx_word' id='word_1_96' title='bbox 1077 2344 1176 2403; x_wconf 91' lang='lat' dir='ltr'><strong>ut:</strong></span> <span class='ocrx_word' id='word_1_97' title='bbox 1233 2339 1516 2419; x_wconf 84' lang='lat' dir='ltr'><strong>„Ducam</strong></span> <span class='ocrx_word' id='word_1_98' title='bbox 1541 2345 1628 2417; x_wconf 90' lang='lat' dir='ltr'><strong>te,</strong></span> <span class='ocrx_word' id='word_1_99' title='bbox 1657 2339 1711 2402; x_wconf 91' lang='lat' dir='ltr'><strong>si</strong></span> <span class='ocrx_word' id='word_1_100' title='bbox 1735 2357 1852 2420; x_wconf 91' lang='lat' dir='ltr'><strong>per</strong></span> <span class='ocrx_word' id='word_1_101' title='bbox 1888 2339 2159 2405; x_wconf 86' lang='lat' dir='ltr'><strong>Turcam</strong></span> <span class='ocrx_word' id='word_1_102' title='bbox 2195 2338 2394 2403; x_wconf 86' lang='lat' dir='ltr'><strong>fueris</strong></span> <span class='ocrx_word' id='word_1_103' title='bbox 2426 2332 2831 2421; x_wconf 88' lang='lat' dir='ltr'><strong>prostituta.“</strong></span> 
     </span>
    </p>
   </div>
   <div class='ocr_carea' id='block_1_8' title="bbox 1401 2538 1866 2619">
    <p class='ocr_par' dir='ltr' id='par_1_9' title="bbox 1401 2538 1866 2619">
     <span class='ocr_line' id='line_1_17' title="bbox 1401 2538 1866 2619; baseline 0.006 -19"><span class='ocrx_word' id='word_1_104' title='bbox 1401 2539 1478 2600; x_wconf 88' lang='lat' dir='ltr'><strong>V.</strong></span> <span class='ocrx_word' id='word_1_105' title='bbox 1525 2538 1866 2619; x_wconf 84' lang='lat' dir='ltr'><strong>Regula.</strong></span> 
     </span>
    </p>
   </div>
   <div class='ocr_carea' id='block_1_9' title="bbox 449 2678 2838 3376">
    <p class='ocr_par' dir='ltr' id='par_1_10' title="bbox 449 2678 2838 3376">
     <span class='ocr_line' id='line_1_18' title="bbox 659 2678 2838 2760; baseline 0.003 -16"><span class='ocrx_word' id='word_1_106' title='bbox 659 2680 724 2745; x_wconf 87' lang='lat' dir='ltr'><strong>Si</strong></span> <span class='ocrx_word' id='word_1_107' title='bbox 776 2679 914 2760; x_wconf 88' lang='lat' dir='ltr'><strong>quis</strong></span> <span class='ocrx_word' id='word_1_108' title='bbox 947 2680 1198 2744; x_wconf 79' lang='lat' dir='ltr'><strong>vivente</strong></span> <span class='ocrx_word' id='word_1_109' title='bbox 1231 2698 1428 2743; x_wconf 86' lang='lat' dir='ltr'><strong>uxore</strong></span> <span class='ocrx_word' id='word_1_110' title='bbox 1463 2678 1785 2744; x_wconf 90' lang='lat' dir='ltr'><strong>contrahit</strong></span> <span class='ocrx_word' id='word_1_111' title='bbox 1818 2696 1957 2742; x_wconf 87' lang='lat' dir='ltr'><strong>cum</strong></span> <span class='ocrx_word' id='word_1_112' title='bbox 1995 2678 2297 2755; x_wconf 84' lang='lat' dir='ltr'><strong>secunda,</strong></span> <span class='ocrx_word' id='word_1_113' title='bbox 2329 2678 2535 2759; x_wconf 86' lang='lat' dir='ltr'><strong>prima</strong></span> <span class='ocrx_word' id='word_1_114' title='bbox 2568 2687 2838 2751; x_wconf 87' lang='lat' dir='ltr'><strong>mortua.</strong></span> 
     </span>
     <span class='ocr_line' id='line_1_19' title="bbox 459 2764 2833 2849; baseline 0 -16"><span class='ocrx_word' id='word_1_115' title='bbox 459 2768 540 2833; x_wconf 88' lang='lat' dir='ltr'><strong>ad</strong></span> <span class='ocrx_word' id='word_1_116' title='bbox 588 2786 766 2833; x_wconf 87' lang='lat' dir='ltr'><strong>suam</strong></span> <span class='ocrx_word' id='word_1_117' title='bbox 813 2768 1192 2849; x_wconf 89' lang='lat' dir='ltr'><strong>petitionem</strong></span> <span class='ocrx_word' id='word_1_118' title='bbox 1225 2786 1348 2832; x_wconf 91' lang='lat' dir='ltr'><strong>non</strong></span> <span class='ocrx_word' id='word_1_119' title='bbox 1391 2767 1802 2847; x_wconf 84' lang='lat' dir='ltr'><strong>separabitur</strong></span> <span class='ocrx_word' id='word_1_120' title='bbox 1848 2785 1887 2830; x_wconf 92' lang='lat' dir='ltr'><strong>a</strong></span> <span class='ocrx_word' id='word_1_121' title='bbox 1918 2766 2216 2830; x_wconf 78' lang='lat' dir='ltr'><strong>secunda.</strong></span> <span class='ocrx_word' id='word_1_122' title='bbox 2268 2764 2451 2831; x_wconf 83' lang='lat' dir='ltr'><strong>Licet</strong></span> <span class='ocrx_word' id='word_1_123' title='bbox 2496 2786 2724 2849; x_wconf 88' lang='lat' dir='ltr'><strong>nempe</strong></span> <span class='ocrx_word' id='word_1_124' title='bbox 2769 2771 2833 2834; x_wconf 91' lang='lat' dir='ltr'><strong>in</strong></span> 
     </span>
     <span class='ocr_line' id='line_1_20' title="bbox 455 2854 2835 2937; baseline -0 -17"><span class='ocrx_word' id='word_1_125' title='bbox 455 2857 821 2922; x_wconf 84' lang='lat' dir='ltr'><strong>Canonibus</strong></span> <span class='ocrx_word' id='word_1_126' title='bbox 867 2855 1203 2934; x_wconf 87' lang='lat' dir='ltr'><strong>habeatur,</strong></span> <span class='ocrx_word' id='word_1_127' title='bbox 1255 2860 1325 2918; x_wconf 92' lang='lat' dir='ltr'><strong>ut</strong></span> <span class='ocrx_word' id='word_1_128' title='bbox 1369 2854 1577 2919; x_wconf 89' lang='lat' dir='ltr'><strong>nullus</strong></span> <span class='ocrx_word' id='word_1_129' title='bbox 1623 2854 1882 2935; x_wconf 87' lang='lat' dir='ltr'><strong>copulet</strong></span> <span class='ocrx_word' id='word_1_130' title='bbox 1926 2854 2352 2933; x_wconf 87' lang='lat' dir='ltr'><strong>matrimonio,</strong></span> <span class='ocrx_word' id='word_1_131' title='bbox 2420 2873 2607 2934; x_wconf 89' lang='lat' dir='ltr'><strong>quam</strong></span> <span class='ocrx_word' id='word_1_132' title='bbox 2654 2857 2835 2937; x_wconf 90' lang='lat' dir='ltr'><strong>prius</strong></span> 
     </span>
     <span class='ocr_line' id='line_1_21' title="bbox 453 2941 2835 3024; baseline 0 -15"><span class='ocrx_word' id='word_1_133' title='bbox 453 2944 773 3024; x_wconf 87' lang='lat' dir='ltr'><strong>polluerat</strong></span> <span class='ocrx_word' id='word_1_134' title='bbox 824 2942 1166 3023; x_wconf 76' lang='lat' dir='ltr'><strong>adulteriO,</strong></span> <span class='ocrx_word' id='word_1_135' title='bbox 1215 2950 1282 3007; x_wconf 91' lang='lat' dir='ltr'><strong>et</strong></span> <span class='ocrx_word' id='word_1_136' title='bbox 1334 2943 1506 3007; x_wconf 88' lang='lat' dir='ltr'><strong>illam</strong></span> <span class='ocrx_word' id='word_1_137' title='bbox 1557 2944 1849 3021; x_wconf 85' lang='lat' dir='ltr'><strong>maxime,</strong></span> <span class='ocrx_word' id='word_1_138' title='bbox 1910 2942 2012 3005; x_wconf 89' lang='lat' dir='ltr'><strong>cui</strong></span> <span class='ocrx_word' id='word_1_139' title='bbox 2056 2941 2246 3006; x_wconf 87' lang='lat' dir='ltr'><strong>fidem</strong></span> <span class='ocrx_word' id='word_1_140' title='bbox 2294 2942 2583 3020; x_wconf 81' lang='lat' dir='ltr'><strong>dederat,</strong></span> <span class='ocrx_word' id='word_1_141' title='bbox 2637 2964 2835 3009; x_wconf 85' lang='lat' dir='ltr'><strong>uxore</strong></span> 
     </span>
     <span class='ocr_line' id='line_1_22' title="bbox 453 3029 2836 3113; baseline 0.002 -18"><span class='ocrx_word' id='word_1_142' title='bbox 453 3050 569 3096; x_wconf 89' lang='lat' dir='ltr'><strong>sua</strong></span> <span class='ocrx_word' id='word_1_143' title='bbox 623 3032 911 3111; x_wconf 87' lang='lat' dir='ltr'><strong>vivente,</strong></span> <span class='ocrx_word' id='word_1_144' title='bbox 961 3032 1060 3096; x_wconf 86' lang='lat' dir='ltr'><strong>vel</strong></span> <span class='ocrx_word' id='word_1_145' title='bbox 1121 3049 1285 3111; x_wconf 84' lang='lat' dir='ltr'><strong>quae</strong></span> <span class='ocrx_word' id='word_1_146' title='bbox 1339 3029 1705 3096; x_wconf 90' lang='lat' dir='ltr'><strong>machinata</strong></span> <span class='ocrx_word' id='word_1_147' title='bbox 1767 3034 1869 3094; x_wconf 90' lang='lat' dir='ltr'><strong>est</strong></span> <span class='ocrx_word' id='word_1_148' title='bbox 1926 3030 1989 3093; x_wconf 90' lang='lat' dir='ltr'><strong>in</strong></span> <span class='ocrx_word' id='word_1_149' title='bbox 2048 3036 2316 3095; x_wconf 89' lang='lat' dir='ltr'><strong>mortem</strong></span> <span class='ocrx_word' id='word_1_150' title='bbox 2372 3032 2623 3096; x_wconf 87' lang='lat' dir='ltr'><strong>uxoris:</strong></span> <span class='ocrx_word' id='word_1_151' title='bbox 2685 3035 2836 3113; x_wconf 89' lang='lat' dir='ltr'><strong>quia</strong></span> 
     </span>
     <span class='ocr_line' id='line_1_23' title="bbox 454 3116 2838 3205; baseline 0.002 -22"><span class='ocrx_word' id='word_1_152' title='bbox 454 3125 668 3185; x_wconf 88' lang='lat' dir='ltr'><strong>tamen</strong></span> <span class='ocrx_word' id='word_1_153' title='bbox 699 3120 995 3201; x_wconf 88' lang='lat' dir='ltr'><strong>praefata</strong></span> <span class='ocrx_word' id='word_1_154' title='bbox 1027 3121 1256 3184; x_wconf 89' lang='lat' dir='ltr'><strong>mulier</strong></span> <span class='ocrx_word' id='word_1_155' title='bbox 1288 3125 1433 3184; x_wconf 89' lang='lat' dir='ltr'><strong>erat</strong></span> <span class='ocrx_word' id='word_1_156' title='bbox 1464 3118 1683 3197; x_wconf 86' lang='lat' dir='ltr'><strong>inscia,</strong></span> <span class='ocrx_word' id='word_1_157' title='bbox 1719 3116 1888 3198; x_wconf 89' lang='lat' dir='ltr'><strong>quod</strong></span> <span class='ocrx_word' id='word_1_158' title='bbox 1919 3118 2023 3181; x_wconf 92' lang='lat' dir='ltr'><strong>ille</strong></span> <span class='ocrx_word' id='word_1_159' title='bbox 2052 3118 2243 3185; x_wconf 87' lang='lat' dir='ltr'><strong>aliam</strong></span> <span class='ocrx_word' id='word_1_160' title='bbox 2270 3137 2531 3205; x_wconf 80' lang='lat' dir='ltr'><strong>uxorem</strong></span> <span class='ocrx_word' id='word_1_161' title='bbox 2567 3119 2838 3188; x_wconf 87' lang='lat' dir='ltr'><strong>baberet</strong></span> 
     </span>
     <span class='ocr_line' id='line_1_24' title="bbox 459 3205 2837 3288; baseline 0.002 -18"><span class='ocrx_word' id='word_1_162' title='bbox 459 3208 793 3288; x_wconf 78' lang='lat' dir='ltr'><strong>viventem,</strong></span> <span class='ocrx_word' id='word_1_163' title='bbox 844 3209 984 3273; x_wconf 91' lang='lat' dir='ltr'><strong>ideo</strong></span> <span class='ocrx_word' id='word_1_164' title='bbox 1035 3208 1360 3287; x_wconf 86' lang='lat' dir='ltr'><strong>indignum</strong></span> <span class='ocrx_word' id='word_1_165' title='bbox 1411 3205 1685 3286; x_wconf 90' lang='lat' dir='ltr'><strong>videtur,</strong></span> <span class='ocrx_word' id='word_1_166' title='bbox 1734 3213 1803 3270; x_wconf 90' lang='lat' dir='ltr'><strong>ut</strong></span> <span class='ocrx_word' id='word_1_167' title='bbox 1831 3206 2205 3287; x_wconf 88' lang='lat' dir='ltr'><strong>praedictus</strong></span> <span class='ocrx_word' id='word_1_168' title='bbox 2252 3207 2367 3288; x_wconf 80' lang='lat' dir='ltr'><strong>vir,</strong></span> <span class='ocrx_word' id='word_1_169' title='bbox 2419 3209 2524 3288; x_wconf 87' lang='lat' dir='ltr'><strong>qui</strong></span> <span class='ocrx_word' id='word_1_170' title='bbox 2556 3208 2837 3275; x_wconf 87' lang='lat' dir='ltr'><strong>scienter</strong></span> 
     </span>
     <span class='ocr_line' id='line_1_25' title="bbox 449 3293 2487 3376; baseline 0.002 -18"><span class='ocrx_word' id='word_1_171' title='bbox 449 3300 674 3359; x_wconf 88' lang='lat' dir='ltr'><strong>contra</strong></span> <span class='ocrx_word' id='word_1_172' title='bbox 719 3296 1015 3362; x_wconf 87' lang='lat' dir='ltr'><strong>Canones</strong></span> <span class='ocrx_word' id='word_1_173' title='bbox 1065 3300 1348 3375; x_wconf 89' lang='lat' dir='ltr'><strong>venerat,</strong></span> <span class='ocrx_word' id='word_1_174' title='bbox 1397 3294 1645 3359; x_wconf 87' lang='lat' dir='ltr'><strong>lucrum</strong></span> <span class='ocrx_word' id='word_1_175' title='bbox 1697 3293 1777 3358; x_wconf 91' lang='lat' dir='ltr'><strong>de</strong></span> <span class='ocrx_word' id='word_1_176' title='bbox 1822 3311 1936 3359; x_wconf 89' lang='lat' dir='ltr'><strong>suo</strong></span> <span class='ocrx_word' id='word_1_177' title='bbox 1983 3293 2127 3359; x_wconf 89' lang='lat' dir='ltr'><strong>dolo</strong></span> <span class='ocrx_word' id='word_1_178' title='bbox 2174 3301 2487 3376; x_wconf 88' lang='lat' dir='ltr'><strong>reportet.</strong></span> 
     </span>
    </p>
   </div>
   <div class='ocr_carea' id='block_1_10' title="bbox 1389 3488 1886 3570">
    <p class='ocr_par' dir='ltr' id='par_1_11' title="bbox 1389 3488 1886 3570">
     <span class='ocr_line' id='line_1_26' title="bbox 1389 3488 1886 3570; baseline -0.002 -15"><span class='ocrx_word' id='word_1_179' title='bbox 1389 3492 1498 3557; x_wconf 87' lang='lat' dir='ltr'><strong>VI.</strong></span> <span class='ocrx_word' id='word_1_180' title='bbox 1545 3488 1886 3570; x_wconf 84' lang='lat' dir='ltr'><strong>Regula.</strong></span> 
     </span>
    </p>
   </div>
   <div class='ocr_carea' id='block_1_11' title="bbox 449 3628 2834 4243">
    <p class='ocr_par' dir='ltr' id='par_1_12' title="bbox 449 3628 2834 4243">
     <span class='ocr_line' id='line_1_27' title="bbox 645 3628 2828 3713; baseline 0.003 -22"><span class='ocrx_word' id='word_1_181' title='bbox 645 3628 768 3706; x_wconf 84' lang='lat' dir='ltr'><strong>Qui</strong></span> <span class='ocrx_word' id='word_1_182' title='bbox 813 3628 1062 3693; x_wconf 88' lang='lat' dir='ltr'><strong>vivente</strong></span> <span class='ocrx_word' id='word_1_183' title='bbox 1112 3646 1312 3694; x_wconf 87' lang='lat' dir='ltr'><strong>uxore</strong></span> <span class='ocrx_word' id='word_1_184' title='bbox 1349 3647 1387 3693; x_wconf 92' lang='lat' dir='ltr'><strong>a</strong></span> <span class='ocrx_word' id='word_1_185' title='bbox 1433 3647 1502 3693; x_wconf 89' lang='lat' dir='ltr'><strong>se</strong></span> <span class='ocrx_word' id='word_1_186' title='bbox 1548 3632 1855 3709; x_wconf 88' lang='lat' dir='ltr'><strong>separata</strong></span> <span class='ocrx_word' id='word_1_187' title='bbox 1902 3631 2110 3709; x_wconf 90' lang='lat' dir='ltr'><strong>quoad</strong></span> <span class='ocrx_word' id='word_1_188' title='bbox 2157 3632 2431 3713; x_wconf 85' lang='lat' dir='ltr'><strong>thorum,</strong></span> <span class='ocrx_word' id='word_1_189' title='bbox 2483 3632 2828 3698; x_wconf 87' lang='lat' dir='ltr'><strong>secundam</strong></span> 
     </span>
     <span class='ocr_line' id='line_1_28' title="bbox 453 3714 2834 3795; baseline 0.003 -16"><span class='ocrx_word' id='word_1_190' title='bbox 453 3714 642 3795; x_wconf 88' lang='lat' dir='ltr'><strong>hujus</strong></span> <span class='ocrx_word' id='word_1_191' title='bbox 689 3717 782 3781; x_wconf 91' lang='lat' dir='ltr'><strong>rei</strong></span> <span class='ocrx_word' id='word_1_192' title='bbox 831 3718 1147 3781; x_wconf 86' lang='lat' dir='ltr'><strong>consciam</strong></span> <span class='ocrx_word' id='word_1_193' title='bbox 1196 3716 1372 3781; x_wconf 89' lang='lat' dir='ltr'><strong>ducit</strong></span> <span class='ocrx_word' id='word_1_194' title='bbox 1418 3734 1703 3795; x_wconf 88' lang='lat' dir='ltr'><strong>uxorem,</strong></span> <span class='ocrx_word' id='word_1_195' title='bbox 1756 3716 1901 3781; x_wconf 87' lang='lat' dir='ltr'><strong>talis</strong></span> <span class='ocrx_word' id='word_1_196' title='bbox 1950 3718 2139 3783; x_wconf 88' lang='lat' dir='ltr'><strong>etiam</strong></span> <span class='ocrx_word' id='word_1_197' title='bbox 2198 3721 2545 3787; x_wconf 87' lang='lat' dir='ltr'><strong>secundam</strong></span> <span class='ocrx_word' id='word_1_198' title='bbox 2592 3721 2834 3787; x_wconf 87' lang='lat' dir='ltr'><strong>habere</strong></span> 
     </span>
     <span class='ocr_line' id='line_1_29' title="bbox 450 3804 2834 3891; baseline 0.003 -24"><span class='ocrx_word' id='word_1_199' title='bbox 450 3822 572 3868; x_wconf 90' lang='lat' dir='ltr'><strong>non</strong></span> <span class='ocrx_word' id='word_1_200' title='bbox 638 3810 872 3884; x_wconf 91' lang='lat' dir='ltr'><strong>potest,</strong></span> <span class='ocrx_word' id='word_1_201' title='bbox 935 3805 1048 3869; x_wconf 88' lang='lat' dir='ltr'><strong>sed</strong></span> <span class='ocrx_word' id='word_1_202' title='bbox 1111 3804 1413 3870; x_wconf 89' lang='lat' dir='ltr'><strong>adulterii</strong></span> <span class='ocrx_word' id='word_1_203' title='bbox 1473 3806 1911 3885; x_wconf 85' lang='lat' dir='ltr'><strong>poenitentiae</strong></span> <span class='ocrx_word' id='word_1_204' title='bbox 1974 3806 2284 3887; x_wconf 87' lang='lat' dir='ltr'><strong>subjacet.</strong></span> <span class='ocrx_word' id='word_1_205' title='bbox 2360 3809 2667 3875; x_wconf 87' lang='lat' dir='ltr'><strong>Similiter</strong></span> <span class='ocrx_word' id='word_1_206' title='bbox 2728 3809 2834 3891; x_wconf 90' lang='lat' dir='ltr'><strong>qui</strong></span> 
     </span>
     <span class='ocr_line' id='line_1_30' title="bbox 453 3892 2833 3977; baseline 0.003 -23"><span class='ocrx_word' id='word_1_207' title='bbox 453 3892 701 3957; x_wconf 86' lang='lat' dir='ltr'><strong>vivente</strong></span> <span class='ocrx_word' id='word_1_208' title='bbox 749 3911 944 3958; x_wconf 85' lang='lat' dir='ltr'><strong>uxore</strong></span> <span class='ocrx_word' id='word_1_209' title='bbox 1003 3892 1309 3973; x_wconf 85' lang='lat' dir='ltr'><strong>legitima,</strong></span> <span class='ocrx_word' id='word_1_210' title='bbox 1373 3911 1514 3959; x_wconf 86' lang='lat' dir='ltr'><strong>cum</strong></span> <span class='ocrx_word' id='word_1_211' title='bbox 1578 3892 1863 3957; x_wconf 88' lang='lat' dir='ltr'><strong>secunda</strong></span> <span class='ocrx_word' id='word_1_212' title='bbox 1926 3894 2251 3961; x_wconf 87' lang='lat' dir='ltr'><strong>contrahit</strong></span> <span class='ocrx_word' id='word_1_213' title='bbox 2316 3897 2629 3977; x_wconf 85' lang='lat' dir='ltr'><strong>adultera,</strong></span> <span class='ocrx_word' id='word_1_214' title='bbox 2692 3916 2833 3962; x_wconf 90' lang='lat' dir='ltr'><strong>eam</strong></span> 
     </span>
     <span class='ocr_line' id='line_1_31' title="bbox 449 3980 2833 4068; baseline 0.003 -25"><span class='ocrx_word' id='word_1_215' title='bbox 449 3980 658 4058; x_wconf 88' lang='lat' dir='ltr'><strong>prima</strong></span> <span class='ocrx_word' id='word_1_216' title='bbox 707 3987 956 4045; x_wconf 86' lang='lat' dir='ltr'><strong>mortua</strong></span> <span class='ocrx_word' id='word_1_217' title='bbox 1002 3980 1243 4046; x_wconf 88' lang='lat' dir='ltr'><strong>habere</strong></span> <span class='ocrx_word' id='word_1_218' title='bbox 1307 4001 1431 4046; x_wconf 90' lang='lat' dir='ltr'><strong>non</strong></span> <span class='ocrx_word' id='word_1_219' title='bbox 1481 3985 1715 4061; x_wconf 82' lang='lat' dir='ltr'><strong>potest,</strong></span> <span class='ocrx_word' id='word_1_220' title='bbox 1796 3982 1989 4047; x_wconf 85' lang='lat' dir='ltr'><strong>etiam</strong></span> <span class='ocrx_word' id='word_1_221' title='bbox 2050 3984 2105 4047; x_wconf 86' lang='lat' dir='ltr'><strong>si</strong></span> <span class='ocrx_word' id='word_1_222' title='bbox 2173 3985 2357 4064; x_wconf 78' lang='lat' dir='ltr'><strong>longo</strong></span> <span class='ocrx_word' id='word_1_223' title='bbox 2426 3992 2718 4068; x_wconf 88' lang='lat' dir='ltr'><strong>tempore</strong></span> <span class='ocrx_word' id='word_1_224' title='bbox 2779 3986 2833 4051; x_wconf 88' lang='lat' dir='ltr'><strong>ei</strong></span> 
     </span>
     <span class='ocr_line' id='line_1_32' title="bbox 450 4066 2829 4155; baseline 0.004 -25"><span class='ocrx_word' id='word_1_225' title='bbox 450 4066 903 4132; x_wconf 87' lang='lat' dir='ltr'><strong>Conhabitavit</strong></span> <span class='ocrx_word' id='word_1_226' title='bbox 949 4075 1014 4134; x_wconf 88' lang='lat' dir='ltr'><strong>et</strong></span> <span class='ocrx_word' id='word_1_227' title='bbox 1051 4068 1212 4135; x_wconf 89' lang='lat' dir='ltr'><strong>filios</strong></span> <span class='ocrx_word' id='word_1_228' title='bbox 1259 4090 1338 4135; x_wconf 88' lang='lat' dir='ltr'><strong>ex</strong></span> <span class='ocrx_word' id='word_1_229' title='bbox 1369 4088 1450 4135; x_wconf 86' lang='lat' dir='ltr'><strong>ea</strong></span> <span class='ocrx_word' id='word_1_230' title='bbox 1481 4068 1785 4149; x_wconf 89' lang='lat' dir='ltr'><strong>suscepit.</strong></span> <span class='ocrx_word' id='word_1_231' title='bbox 1834 4069 1922 4134; x_wconf 90' lang='lat' dir='ltr'><strong>Et</strong></span> <span class='ocrx_word' id='word_1_232' title='bbox 1968 4070 2117 4137; x_wconf 89' lang='lat' dir='ltr'><strong>talis</strong></span> <span class='ocrx_word' id='word_1_233' title='bbox 2161 4072 2455 4153; x_wconf 87' lang='lat' dir='ltr'><strong>publicae</strong></span> <span class='ocrx_word' id='word_1_234' title='bbox 2499 4075 2829 4155; x_wconf 89' lang='lat' dir='ltr'><strong>poeniten·</strong></span> 
     </span>
     <span class='ocr_line' id='line_1_33' title="bbox 449 4154 2722 4243; baseline 0.005 -25"><span class='ocrx_word' id='word_1_235' title='bbox 449 4155 580 4219; x_wconf 86' lang='lat' dir='ltr'><strong>tiae</strong></span> <span class='ocrx_word' id='word_1_236' title='bbox 629 4154 984 4235; x_wconf 83' lang='lat' dir='ltr'><strong>subjicitur,</strong></span> <span class='ocrx_word' id='word_1_237' title='bbox 1035 4176 1112 4223; x_wconf 88' lang='lat' dir='ltr'><strong>ac</strong></span> <span class='ocrx_word' id='word_1_238' title='bbox 1159 4163 1472 4240; x_wconf 90' lang='lat' dir='ltr'><strong>perpetuo</strong></span> <span class='ocrx_word' id='word_1_239' title='bbox 1522 4156 1661 4221; x_wconf 92' lang='lat' dir='ltr'><strong>sine</strong></span> <span class='ocrx_word' id='word_1_240' title='bbox 1712 4156 1839 4222; x_wconf 90' lang='lat' dir='ltr'><strong>ulla</strong></span> <span class='ocrx_word' id='word_1_241' title='bbox 1886 4178 1999 4239; x_wconf 87' lang='lat' dir='ltr'><strong>spe</strong></span> <span class='ocrx_word' id='word_1_242' title='bbox 2049 4162 2323 4241; x_wconf 85' lang='lat' dir='ltr'><strong>conjugii</strong></span> <span class='ocrx_word' id='word_1_243' title='bbox 2369 4170 2722 4243; x_wconf 87' lang='lat' dir='ltr'><strong>permanet.</strong></span> 
     </span>
    </p>
   </div>
   <div class='ocr_carea' id='block_1_12' title="bbox 445 4266 2837 4624">
    <p class='ocr_par' dir='ltr' id='par_1_13' title="bbox 445 4266 2837 4624">
     <span class='ocr_line' id='line_1_34' title="bbox 645 4266 2837 4350; baseline 0.004 -21"><span class='ocrx_word' id='word_1_244' title='bbox 645 4266 744 4331; x_wconf 89' lang='lat' dir='ltr'><strong>De</strong></span> <span class='ocrx_word' id='word_1_245' title='bbox 781 4266 928 4346; x_wconf 68' lang='lat' dir='ltr'><strong>‚iure</strong></span> <span class='ocrx_word' id='word_1_246' title='bbox 975 4268 1296 4333; x_wconf 75' lang='lat' dir='ltr'><strong>Caesareo</strong></span> <span class='ocrx_word' id='word_1_247' title='bbox 1363 4268 1457 4331; x_wconf 92' lang='lat' dir='ltr'><strong>vir</strong></span> <span class='ocrx_word' id='word_1_248' title='bbox 1504 4266 1749 4331; x_wconf 88' lang='lat' dir='ltr'><strong>habens</strong></span> <span class='ocrx_word' id='word_1_249' title='bbox 1812 4268 1973 4332; x_wconf 88' lang='lat' dir='ltr'><strong>duas</strong></span> <span class='ocrx_word' id='word_1_250' title='bbox 2034 4287 2279 4350; x_wconf 82' lang='lat' dir='ltr'><strong>uxoreS‚</strong></span> <span class='ocrx_word' id='word_1_251' title='bbox 2341 4290 2464 4338; x_wconf 91' lang='lat' dir='ltr'><strong>non</strong></span> <span class='ocrx_word' id='word_1_252' title='bbox 2514 4273 2717 4338; x_wconf 89' lang='lat' dir='ltr'><strong>solum</strong></span> <span class='ocrx_word' id='word_1_253' title='bbox 2764 4274 2837 4337; x_wconf 84' lang='lat' dir='ltr'><strong>fit</strong></span> 
     </span>
     <span class='ocr_line' id='line_1_35' title="bbox 448 4352 2831 4438; baseline 0.004 -22"><span class='ocrx_word' id='word_1_254' title='bbox 448 4352 718 4431; x_wconf 82' lang='lat' dir='ltr'><strong>infamis,</strong></span> <span class='ocrx_word' id='word_1_255' title='bbox 770 4374 987 4420; x_wconf 88' lang='lat' dir='ltr'><strong>verum</strong></span> <span class='ocrx_word' id='word_1_256' title='bbox 1060 4359 1250 4422; x_wconf 88' lang='lat' dir='ltr'><strong>etiam</strong></span> <span class='ocrx_word' id='word_1_257' title='bbox 1325 4374 1534 4438; x_wconf 90' lang='lat' dir='ltr'><strong>poena</strong></span> <span class='ocrx_word' id='word_1_258' title='bbox 1592 4356 1801 4435; x_wconf 90' lang='lat' dir='ltr'><strong>stupri</strong></span> <span class='ocrx_word' id='word_1_259' title='bbox 1870 4359 2147 4435; x_wconf 90' lang='lat' dir='ltr'><strong>punitur.</strong></span> <span class='ocrx_word' id='word_1_260' title='bbox 2198 4360 2409 4427; x_wconf 87' lang='lat' dir='ltr'><strong>Hodie</strong></span> <span class='ocrx_word' id='word_1_261' title='bbox 2478 4366 2691 4426; x_wconf 91' lang='lat' dir='ltr'><strong>autem</strong></span> <span class='ocrx_word' id='word_1_262' title='bbox 2754 4382 2831 4427; x_wconf 84' lang='lat' dir='ltr'><strong>ex</strong></span> 
     </span>
     <span class='ocr_line' id='line_1_36' title="bbox 446 4440 2834 4528; baseline 0.003 -23"><span class='ocrx_word' id='word_1_263' title='bbox 446 4440 786 4507; x_wconf 88' lang='lat' dir='ltr'><strong>Constitut.</strong></span> <span class='ocrx_word' id='word_1_264' title='bbox 850 4443 1064 4507; x_wconf 89' lang='lat' dir='ltr'><strong>Caroli</strong></span> <span class='ocrx_word' id='word_1_265' title='bbox 1113 4445 1322 4523; x_wconf 84' lang='lat' dir='ltr'><strong>Quinti</strong></span> <span class='ocrx_word' id='word_1_266' title='bbox 1381 4452 1450 4508; x_wconf 92' lang='lat' dir='ltr'><strong>et</strong></span> <span class='ocrx_word' id='word_1_267' title='bbox 1513 4445 1592 4508; x_wconf 87' lang='lat' dir='ltr'><strong>de</strong></span> <span class='ocrx_word' id='word_1_268' title='bbox 1661 4440 1795 4507; x_wconf 82' lang='lat' dir='ltr'><strong>&#39;ure</strong></span> <span class='ocrx_word' id='word_1_269' title='bbox 1845 4454 2061 4511; x_wconf 87' lang='lat' dir='ltr'><strong>nostro</strong></span> <span class='ocrx_word' id='word_1_270' title='bbox 2125 4447 2507 4528; x_wconf 88' lang='lat' dir='ltr'><strong>decollatur;</strong></span> <span class='ocrx_word' id='word_1_271' title='bbox 2582 4450 2634 4513; x_wconf 88' lang='lat' dir='ltr'><strong>si</strong></span> <span class='ocrx_word' id='word_1_272' title='bbox 2684 4468 2834 4515; x_wconf 84' lang='lat' dir='ltr'><strong>vero</strong></span> 
     </span>
     <span class='ocr_line' id='line_1_37' title="bbox 445 4529 2830 4624; baseline 0.005 -29"><span class='ocrx_word' id='word_1_273' title='bbox 445 4536 546 4595; x_wconf 86' lang='lat' dir='ltr'><strong>est</strong></span> <span class='ocrx_word' id='word_1_274' title='bbox 577 4529 824 4612; x_wconf 87' lang='lat' dir='ltr'><strong>mulier,</strong></span> <span class='ocrx_word' id='word_1_275' title='bbox 889 4538 1025 4597; x_wconf 89' lang='lat' dir='ltr'><strong>tum</strong></span> <span class='ocrx_word' id='word_1_276' title='bbox 1073 4534 1215 4599; x_wconf 82' lang='lat' dir='ltr'><strong>viva</strong></span> <span class='ocrx_word' id='word_1_277' title='bbox 1263 4534 1562 4601; x_wconf 88' lang='lat' dir='ltr'><strong>humatur</strong></span> <span class='ocrx_word' id='word_1_278' title='bbox 1673 4529 1832 4595; x_wconf 79' lang='lat' dir='ltr'><strong>Vide</strong></span> <span class='ocrx_word' id='word_1_279' title='bbox 1865 4533 1992 4598; x_wconf 72' lang='lat' dir='ltr'><strong>Jus</strong></span> <span class='ocrx_word' id='word_1_280' title='bbox 2030 4534 2230 4624; x_wconf 71' lang='lat' dir='ltr'><strong>Pray.</strong></span> <span class='ocrx_word' id='word_1_281' title='bbox 2271 4537 2387 4606; x_wconf 71' lang='lat' dir='ltr'><strong>sub</strong></span> <span class='ocrx_word' id='word_1_282' title='bbox 2420 4537 2511 4607; x_wconf 79' lang='lat' dir='ltr'><strong>lit.</strong></span> <span class='ocrx_word' id='word_1_283' title='bbox 2543 4538 2630 4603; x_wconf 84' lang='lat' dir='ltr'><strong>M.</strong></span> <span class='ocrx_word' id='word_1_284' title='bbox 2662 4530 2830 4620; x_wconf 79' lang='lat'><em>40.).</em></span> 
     </span>
    </p>
   </div>
  </div>
 </body>
</html>
