3350 5050
526 523 613 590 7ss
1466 522 1531 578 V.
1571 522 1967 589 OphthalmiuS.

529 659 763 724 vendit.
819 658 1178 738 Plagiarius
1226 667 1339 726 aut
1397 661 1464 725 in
1512 660 1839 726 metallum
1888 661 2457 738 condemnabatur,
2523 669 2636 727 aut
2680 661 2905 730 bestiis

526 747 1017 828 subjiciebatur3
1069 748 1244 829 apud
1290 767 1406 813 nos
1453 767 1606 814 vero
1651 750 1717 814 in
1765 754 1986 831 partes
2034 749 2391 814 dissecatur
2434 739 2553 827 (0.
2604 739 2709 832 4.)

723 835 866 899 Huc
937 837 1220 916 pertinet
1287 840 1352 902 et
1433 837 1876 918 sacrilegium,
1952 836 2206 918 quando
2278 837 2419 917 quis
2486 838 2701 922 aufert
2766 857 2903 904 rem

525 941 797 990 sacram.
861 923 948 988 Et
995 924 1141 990 talis
1189 925 1541 1006 sacrilegus
1597 943 1853 1006 quoque
1896 926 2079 991 furca
2134 925 2547 1007 suspenditur
2592 921 2711 1006 (Ο.
2762 920 2906 1006 12.)

797 1135 924 1206 De
975 1133 1166 1230 Leyo
1214 1131 1522 1229 Aquilia
1573 1145 1636 1205 et
1673 1137 2025 1232 pauperie
2072 1137 2641 1234 quadrupedum.

727 1303 1043 1366 Damnum
1090 1320 1166 1365 ex
1213 1301 1357 1380 lege
1401 1300 1656 1381 Aquilia
1705 1301 1957 1381 dicitur,
2011 1301 2265 1382 quando
2314 1300 2453 1381 quis
2501 1298 2669 1379 dulc,
2716 1300 2909 1380 culpa

531 1390 629 1456 vel
676 1389 910 1470 injuria
957 1407 1207 1455 servum
1254 1393 1370 1452 aut
1401 1389 1885 1471 quadrupedem
1930 1390 2195 1455 alterius
2241 1389 2492 1468 occidit,
2526 1387 2909 1468 vulneravit,

529 1478 629 1545 vel
691 1477 928 1557 alioqui
990 1495 1096 1542 res
1160 1477 1298 1558 ejus
1358 1476 1569 1558 fregit,
1635 1479 1813 1559 rupit
1872 1485 1984 1544 aut
2041 1478 2248 1543 laesit.
2314 1477 2804 1542 Denominatum
2873 1495 2911 1540 a

532 1570 738 1646 demo,
804 1565 986 1734 q)uasi
1035 1565 1358 1645 ademptio
1423 1566 1524 1631 vel
1571 1565 1903 1631 diminutio
1972 1565 2339 1648 patrimonii
2380 1563 2583 1630 nostri
2629 1554 2752 1645 (R.
2803 1565 2905 1629 16.

534 1657 704 1722 Dist.
761 1655 818 1718 1.

727 1740 972 1822 Injuria
1020 1741 1182 1821 dice,
1231 1745 1299 1806 ut
1345 1741 1677 1807 excludam
1710 1741 2180 1822 quadrupedeS,
2229 1758 2392 1821 quae
2424 1758 2550 1805 non
2582 1740 2903 1818 damnum,

530 1831 643 1897 sed
677 1829 1052 1912 pauperiem
1098 1826 1358 1893 faciunt.
1406 1829 1481 1893 In
1527 1830 1606 1894 iis
1639 1832 1828 1909 enirn,
1877 1828 2187 1909 siquidem
2220 1847 2411 1894 sensu
2459 1833 2704 1906 carent,
2737 1827 2909 1893 nulla

528 1919 671 1984 fieri
741 1922 954 1999 potest
1015 1915 1268 1998 injun‘a,
1337 1918 1556 1996 itaque
1622 1918 1778 1983 nihil
1845 1923 2072 1982 contra
2129 1915 2235 1996 Jus
2303 1917 2602 1982 videntur
2672 1917 2909 1984 facere.

533 2009 715 2073 Hane
760 2005 968 2084 legem
1015 2003 1238 2070 Gallus
1283 2005 1593 2085 Aquilius,
1631 2006 1924 2072 tribunus
1970 2004 2195 2087 plebis
2244 2024 2285 2072 a
2332 2024 2457 2086 quo
2514 2003 2909 2071 etdenomi-

527 2096 852 2161 nationem
898 2091 1115 2172 habet,
1143 2092 1532 2158 introduxit.

725 2181 1058 2262 Imperitia
1115 2185 1184 2244 et
1226 2179 1620 2261 negligentia
1683 2181 1911 2263 culpae
1959 2199 2212 2261 quoque
2260 2181 2671 2246 annumerari
2718 2179 2913 2259 solet3

530 2270 803 2350 ideoque
872 2287 996 2332 non
1069 2269 1269 2332 solum
1344 2270 1406 2332 in
1453 2269 1705 2335 medico
1776 2270 1980 2334 locum
2041 2269 2258 2346 habet,
2308 2287 2525 2333 verum
2594 2268 2791 2332 etiam
2850 2268 2911 2331 in

533 2357 905 2436 artificibuS,
973 2374 1123 2421 suas
1185 2362 1362 2421 artes
1423 2357 1871 2436 profitentibus
1925 2347 2052 2435 (K.
2098 2357 2157 2421 3.
2208 2359 2270 2423 5.
2318 2357 2490 2422 Dist.
2530 2357 2584 2421 1.
2621 2355 2685 2421 2.
2716 2356 2779 2421 3.
2813 2349 2914 2432 4.)

535 2447 823 2511 Medicus
869 2451 1234 2525 excusatur,
1282 2446 1338 2510 si
1382 2443 1675 2511 adhibuit
1722 2444 2116 2527 diligentiam
2164 2445 2514 2510 secundum
2560 2450 2915 2526 praecepta

538 2536 716 2601 artis.
764 2535 933 2599 Hinc
979 2532 1130 2597 illud
1179 2539 1446 2615 poetae:

816 2642 963 2709 Non
1011 2649 1111 2708 est
1155 2644 1220 2708 in
1269 2644 1537 2725 medico,
1586 2661 1846 2725 semper
1889 2644 2213 2710 relevetur
2258 2649 2330 2709 ut
2376 2662 2591 2723 aeger,

813 2731 1146 2797 Interdum
1193 2731 1383 2797 docta.
1431 2733 1574 2814 plus
1621 2733 1792 2798 valet
1838 2738 1977 2797 arte
2026 2731 2279 2798 malum.
2390 2808 2398 2817 Ι

726 2864 993 2929 Actione
1041 2865 1234 2943 Legis
1282 2864 1574 2944 Aquiliae
1621 2881 1745 2929 non
1802 2869 2049 2929 tantum
2097 2872 2359 2931 tenetur
2401 2866 2457 2931 is
2506 2864 2612 2943 qui
2678 2883 2793 2945 per
2840 2884 2909 2929 se

529 2954 831 3017 damnum
880 2952 1010 3031 dat,
1055 2970 1273 3017 verum
1321 2954 1515 3018 etiam
1565 2954 1673 3032 qui
1725 2953 1819 3032 iis,
1872 2971 2141 3033 quorum
2187 2972 2418 3034 parere
2476 2957 2576 3017 est
2622 2971 2908 3029 necesse,

531 3039 815 3112 mandat,
847 3058 1039 3105 eosve
1073 3040 1353 3120 adjuvat,
1401 3047 1468 3103 et
1498 3042 1899 3106 occasionem
1932 3041 2414 3120 quibuscunque
2447 3040 2649 3104 modis
2681 3041 2911 3105 damno

531 3133 842 3209 praestat.
894 3128 1061 3193 Hinc
1105 3127 1215 3193 illa
1273 3131 1391 3195 sub
1441 3128 1634 3193 litera
1677 3128 1759 3194 R.
1812 3128 1920 3194 21.
1966 3128 2143 3195 Dist.
2190 3130 2249 3194 2.
2301 3130 2396 3196 3.:
2454 3127 2673 3208 „Noxa
2721 3133 2914 3208 caput

533 3206 882 3295 sequitur.“
952 3216 1039 3280 Et
1092 3217 1248 3295 „Qui
1293 3236 1412 3298 per
1459 3216 1651 3282 alium
1699 3215 1873 3297 facit,
1934 3218 2203 3298 perinde
2264 3224 2383 3297 est,
2447 3235 2523 3281 ac
2570 3216 2623 3280 si
2668 3216 2917 3280 faceret

534 3322 650 3385 per
709 3322 778 3367 se
840 3295 1108 3384 ipsum.“
1184 3306 1272 3368 Et
1323 3306 1481 3385 „Qui
1559 3306 1960 3371 occasionem
2022 3312 2336 3386 praestat,
2403 3306 2543 3387 ipse
2612 3302 2912 3368 damnum

534 3392 789 3457 dedisse
839 3384 1152 3457 videtur.“

734 3480 855 3558 Qui
887 3481 966 3546 ad
995 3480 1242 3561 jussum
1277 3482 1563 3561 alteriuS,
1589 3483 1692 3547 cui
1721 3499 1953 3564 parere
1988 3500 2111 3546 non
2144 3486 2424 3560 tenetur,
2456 3480 2755 3545 damnum
2785 3479 2915 3553 dat,

535 3570 588 3633 is
637 3569 810 3647 Lege
858 3568 1111 3649 Aquilia
1157 3571 1426 3651 perinde
1470 3590 1544 3636 ac
1588 3571 1899 3636 mandans
1946 3570 2269 3652 obligatur
2307 3560 2426 3648 (R.
2469 3568 2576 3634 21.
2611 3568 2785 3633 Dist.
2812 3559 2914 3647 4.)

737 3656 803 3720 Si
849 3676 1012 3737 pons
1056 3657 1395 3738 frangatur
1455 3678 1534 3723 ex
1580 3676 1774 3723 onere
1834 3677 2073 3737 rerum,
2125 3663 2355 3728 ,vector
2411 3656 2567 3721 facit
2614 3657 2913 3720 damnum
2954 3699 2959 3703 -

536 3746 598 3809 in
651 3763 844 3809 curru
890 3752 958 3811 et
1004 3748 1205 3825 equis,
1255 3747 1544 3810 dominus
1581 3765 1731 3811 vero
1767 3746 1828 3811 in
1861 3748 2055 3812 rebus
2088 3746 2289 3811 vectis
2319 3735 2359 3824 (
2357 3744 2439 3810 12².
2466 3744 2571 3809 23.
2608 3744 2779 3809 Diei.
2814 3734 2912 3823 1.)

537 3832 862 3912 Similiter,
911 3834 963 3897 si
997 3834 1208 3897 vinum
1243 3834 1515 3899 vehatur
1546 3841 1613 3900 et
1645 3835 1877 3899 dolium
1912 3835 1993 3900 ob
2026 3837 2410 3899 vetustatem
2447 3838 2893 3912 corrumpatur

531 3921 832 3985 damnum
882 3922 1007 3987 erit
1051 3922 1288 3989 domini
1332 3921 1502 3987 illius
1534 3923 1681 4001 vini,
1730 3928 1796 3988 et
1840 3941 1966 3987 non
1998 3923 2272 3987 vectoris
2304 3912 2422 4001 (R.
2458 3920 2563 3984 23.
2600 3919 2776 3984 Dist.
2812 3882 2913 3996 1.)

732 4008 800 4074 Si
849 4009 1007 4075 civis
1049 4012 1252 4075 civem
1301 4010 1439 4075 sine
1486 4011 1674 4090 culpa
1708 4029 1827 4091 per
1874 4010 2169 4089 injuriam
2217 4011 2280 4074 in
2315 4008 2568 4075 vincula
2599 4008 2912 4086 conjiciat,

532 4097 848 4163 resarciet
893 4098 1209 4163 vinculato
1257 4099 1579 4176 damnum,
1642 4100 1725 4164 ad
1774 4098 1939 4177 quod
1989 4098 2321 4163 occasione
2382 4095 2553 4162 illius
2598 4095 2912 4175 pervenit,

535 4192 603 4250 et
648 4184 915 4250 totidem
961 4186 1100 4250 dies
1147 4186 1421 4251 vicissim
1468 4186 1863 4252 detinebitur
1909 4187 1972 4251 in
2005 4203 2299 4264 carcer03
2350 4185 2471 4249 nisi
2516 4184 2681 4249 forte
2730 4200 2913 4247 secus

536 4274 708 4338 inter
753 4273 898 4338 illos
943 4274 1140 4339 fuerit
1187 4278 1562 4339 conventum
1589 4266 1698 4351 (S.
1730 4276 1789 4340 8.
1844 4274 2016 4339 Diat.
2055 4277 2110 4340 1.
2114 4266 2175 4355 ).
2226 4273 2571 4337 Extraneis
2615 4277 2683 4336 et
2727 4289 2913 4352 pere-

542 4360 744 4442 grinis
776 4361 1018 4434 'saltem
1067 4364 1366 4427 damnum
1415 4370 1787 4443 praestatur
1833 4355 1941 4443 (S.
1988 4363 2047 4429 8.
2100 4359 2273 4427 Dist.
2326 4352 2431 4440 2.)

736 4448 836 4513 Ad
868 4450 1107 4530 Legem
1135 4452 1450 4529 Aquiliam
1499 4457 1567 4515 et
1609 4450 1870 4529 familia,
1916 4450 2037 4515 hoc
2083 4456 2185 4516 est
2226 4448 2446 4514 famuli
2492 4447 2919 4525 famulaeque,

535 4537 882 4619 pertinent
958 4538 1026 4610 Si
1072 4558 1297 4609 servus
1367 4538 1465 4603 vel
1509 4557 1701 4605 serva
1763 4539 1955 4605 alicui
1998 4558 2115 4620 pro
2176 4536 2455 4605 servitiis
2524 4536 2609 4603 ad
2668 4540 2918 4603 certum
