3350 5050
1444 527 1548 584 Tit.
1587 527 1791 584 xxm.
2723 533 2805 601 47

734 729 860 802 De
909 728 1144 800 tutelis
1194 740 1254 798 et
1303 739 1584 800 senatus
1634 727 1939 798 consulto
1992 725 2533 800 Macedoniam.

1303 893 1644 958 Titulus
1690 892 1933 957 XXIII.

632 1027 796 1105 Quia
839 1027 1218 1109 plerumque
1266 1026 1374 1093 ubi
1419 1026 1840 1092 successionis
1873 1028 2363 1094 emolumentum
2395 1037 2514 1106 est,
2562 1029 2650 1092 ibi
2699 1037 2813 1094 aut

425 1116 666 1182 tutelae
712 1134 870 1180 onus
915 1133 1059 1181 esse
1105 1115 1327 1180 debet:
1390 1117 1586 1195 igitur
1645 1119 1794 1195 post
1854 1118 2325 1182 successionem
2386 1117 2635 1198 species
2697 1127 2807 1183 aut

430 1205 799 1286 nuptiarum
885 1203 1394 1268 observationem
1479 1204 1624 1284 jura
1702 1203 2049 1268 tutelarum
2126 1204 2229 1269 hic
2302 1207 2497 1270 etiam
2573 1205 2811 1285 placuit

426 1299 794 1358 annectere.

632 1381 881 1458 Tutela,
933 1396 1121 1458 quam
1170 1379 1400 1443 Graeci
1448 1379 1787 1460 epitropen
1822 1386 2069 1459 vocant,
2119 1381 2274 1444 nihil
2320 1381 2489 1446 aliud
2539 1386 2655 1460 est,
2690 1383 2809 1446 nisi

429 1471 522 1533 vis
582 1487 662 1535 ac
724 1473 1010 1550 potestas
1072 1468 1132 1531 in
1192 1468 1402 1551 capite
1473 1468 1695 1546 libero,
1768 1469 1849 1532 ad
1920 1468 2224 1533 tuendum
2292 1488 2457 1548 eum,
2529 1470 2637 1548 qui
2692 1488 2812 1550 per

429 1564 714 1726 ae(1etatem
761 1575 830 1622 se
874 1557 1038 1721 ipse)
1061 1554 1411 1620 defendere
1459 1555 1699 1636 nequit,
1743 1556 1891 1634 Jure
1953 1557 2121 1621 civili
2167 1555 2321 1622 data
2368 1575 2445 1622 ac
2496 1559 2808 1637 permissa

467 1647 556 1711 D.
602 1647 660 1712 5.
712 1645 888 1710 Diet.
935 1645 992 1709 1.

631 1734 750 1812 Qui
821 1733 987 1798 hanc
1058 1733 1180 1794 vim
1253 1749 1328 1797 ac
1395 1737 1778 1813 potestatem
1851 1732 2109 1810 habent,
2182 1732 2480 1797 dicuntur
2538 1738 2807 1812 tutore8‚

433 1823 614 1903 quasi
685 1822 959 1886 tuitores
1029 1827 1220 1900 atque
1288 1819 1675 1886 defensores,
1760 1821 2212 1902 Principaliter
2278 1821 2445 1884 enim
2516 1822 2810 1903 personis

433 1911 686 1990 dantur,
729 1909 878 1974 licet
948 1926 1196 1990 quoque
1267 1907 1651 1973 secundario
1719 1909 2059 1974 facultates
2129 1909 2413 1990 ipsorum
2480 1911 2811 1975 indemnes

429 2015 691 2064 servare
736 2003 1097 2063 teneantur.
1181 1996 1188 2002 ’

629 2084 966 2166 Ejusmodi
1008 2084 1214 2150 tutela
1260 2091 1362 2149 est
1415 2083 1465 2148 1.
1515 2087 1642 2148 Aut
1690 2084 2197 2165 testamentaria,
2266 2086 2518 2164 quando
2567 2093 2811 2151 tutores

431 2180 815 2239 testamento
867 2173 1126 2238 dantur.
1145 2163 1268 2251 (D.
1319 2164 1425 2253 8.)
1437 2198 1464 2252 ;

633 2260 695 2326 2.
743 2261 872 2326 Aut
913 2261 1222 2341 legitima,
1271 2279 1461 2341 quum
1509 2261 1630 2340 his,
1692 2261 1919 2340 quibus
1966 2266 2348 2326 testamento
2398 2266 2576 2326 tutor
2623 2260 2812 2326 datus

436 2369 563 2415 non
588 2357 706 2430 est,
739 2369 816 2415 ex
847 2348 990 2430 lege
1013 2349 1140 2412 XII
1171 2350 1536 2414 tabularum
1571 2349 1789 2429 agnati
1819 2355 1968 2413 sunt
1999 2354 2247 2414 tutores
2294 2343 2415 2422 (D.
2448 2351 2504 2416 7.
2533 2350 2689 2414 Diat
2712 2346 2813 2428 1.)

441 2438 956 2504 Consentaneum
980 2454 1212 2516 nempe
1244 2443 1345 2501 est
1373 2443 1667 2516 naturae,
1693 2440 1765 2499 ut
1798 2439 2035 2502 sentiat
2064 2455 2241 2516 onuS‚
2276 2439 2381 2516 qui
2414 2439 2547 2502 vult
2576 2440 2815 2503 sentire

436 2527 838 2593 commodum
885 2517 1011 2607 (D.
1062 2527 1122 2591 7.
1171 2527 1344 2591 Diei.
1390 2526 1450 2591 2.
1507 2528 1633 2591 Jua
1678 2524 1873 2592 Prov.
1927 2523 1977 2589 Ι.
2025 2526 2133 2591 52.
2178 2527 2246 2590 iu
2272 2518 2471 2614 fine.)

635 2610 692 2680 3.
740 2615 872 2680 Aut
929 2614 1168 2693 dativa,
1231 2617 1486 2694 quando
1547 2634 1673 2680 non
1738 2614 2103 2680 extantibus
2162 2615 2667 2681 testamentariis
2716 2615 2813 2679 vel

439 2703 744 2784 legitimis
787 2703 1127 2782 tutoribus,
1177 2701 1372 2783 aliqui
1417 2704 1652 2769 dantur
1698 2722 1737 2767 a
1782 2703 2166 2782 magistratu
2211 2696 2337 2784 (D.
2373 2703 2474 2769 11.
2510 2704 2684 2769 Dist.
2715 2694 2816 2783 1.)

631 2787 693 2857 4.
740 2793 870 2857 Aut
928 2791 1183 2872 patriae
1231 2792 1592 2871 potestatis,
1651 2795 2094 2872 quum·pater
2138 2790 2360 2857 liberis
2414 2792 2547 2857 suis
2608 2792 2813 2873 impu·

433 2880 698 2944 boribus
757 2879 1002 2959 aliquos
1061 2898 1138 2943 ex
1209 2878 1521 2959 singulari
1579 2878 1818 2944 fiducia
1875 2885 2121 2943 tutores
2181 2881 2508 2947 constituit
2574 2869 2697 2956 (D.
2750 2880 2808 2945 9.

428 2968 556 3033 Jua
603 2967 796 3033 Prov.
851 2966 900 3033 I.
951 2968 1054 3033 54.
1111 2965 1160 3032 Ι.
1211 2958 1359 3048 61.)

631 3054 795 3121 Sunt
826 3061 894 3120 et
924 3054 1088 3119 aliae
1117 3053 1200 3117 de
1223 3056 1368 3134 jure
1403 3060 1622 3120 nostro
1651 3055 1997 3120 tutelarum
2031 3056 2299 3136 species,
2335 3062 2407 3121 ut
2448 3056 2814 3133 honoraria,

437 3142 691 3223 quando
759 3164 798 3207 a
843 3144 1222 3223 magistratu
1284 3162 1402 3224 pro
1474 3143 1737 3223 honore,
1796 3163 1916 3225 ope
1978 3150 2045 3209 et
2102 3144 2360 3209 consilio
2422 3144 2814 3226 praestando

442 3232 764 3297 tutoribus
813 3232 981 3296 datis
1030 3230 1137 3295 alii
1185 3230 1621 3312 adJunguntur
1685 3237 1931 3296 tutores
1989 3221 2110 3312 (D.
2158 3226 2265 3298 22.
2264 3225 2330 3314 )‚
2386 3241 2454 3299 et
2522 3231 2817 3299 anomala

438 3319 1139 3398 seu-extraordinaria,
1173 3322 1243 3381 ut
1289 3320 1344 3383 si
1389 3320 1580 3384 matri
1613 3321 1711 3385 vel
1759 3320 1941 3385 aviae
1988 3325 2055 3383 et
2100 3319 2239 3385 aliis
2280 3321 2487 3401 gradu
2514 3321 2817 3402 proximi-

438 3408 656 3474 oribus
705 3408 958 3473 feminis
1008 3406 1211 3471 tutela
1257 3407 1656 3486 relinquatur
1704 3402 1739 3486 (
1741 3408 1824 3473 D.
1866 3410 1953 3473 10
1984 3417 2041 3471 et
2069 3408 2195 3473 Jua
2226 3408 2417 3474 Prov.
2454 3408 2536 3475 R.
2571 3400 2677 3486 2.)

635 3494 764 3560 Sed
836 3497 916 3561 de
969 3496 1118 3575 jure
1164 3494 1489 3560 Caesareo
1549 3501 1760 3559 mater
1831 3503 1897 3561 et
1958 3497 2101 3560 avia
2158 3514 2283 3560 non
2343 3504 2607 3577 possunt
2674 3516 2815 3561 esse

441 3590 710 3661 tutores
775 3584 898 3649 nisi
966 3584 1196 3648 viduae
1259 3584 1612 3648 manserint
1674 3590 1740 3648 et
1796 3586 2339 3649 renunciaverunt
2386 3585 2817 3649 Senatuscon-

444 3672 610 3737 sulto
657 3671 990 3754 Vellejano
1038 3678 1104 3737 et
1149 3672 1288 3737 aliis
1337 3670 1659 3736 beneficiis
1693 3673 2046 3737 mulierum.
2093 3672 2182 3736 Et
2226 3672 2279 3737 si
2327 3678 2537 3737 mater
2568 3678 2815 3737 tutores

435 3760 660 3825 liberis
708 3780 836 3826 non
865 3761 1131 3842 petierit
1163 3761 1261 3825 vel
1307 3762 1369 3824 in
1401 3761 1604 3824 locum
1640 3762 1872 3825 remoti
1902 3762 2001 3825 vel
2036 3761 2320 3824 excusati
2364 3760 2537 3824 intra
2584 3778 2817 3824 annum

435 3854 660 3930 petere
689 3848 1068 3930 neglexerit,
1117 3848 1196 3914 ab
1245 3867 1468 3915 eorum
1510 3848 1913 3929 impuberum
1962 3849 2365 3914 morientium
2414 3849 2815 3913 successione

435 3936 789 4020 repellitur.

637 4028 710 4091 In
759 4025 927 4092 omni
974 4023 1179 4090 tutela
1225 4026 1499 4106 primum
1532 4023 1808 4090 officium
1859 4026 2087 4089 tutoris
2119 4031 2236 4105 est,
2286 4031 2358 4088 ut
2403 4042 2601 4105 super
2633 4024 2817 4089 bonis

437 4114 844 4280 pupillorum,
888 4114 1338 4283 praeseptibus
1376 4113 1611 4194 juratis
1643 4119 1710 4178 et
1741 4114 2010 4191 notari0‚
2059 4114 2477 4178 inventarium
2523 4111 2819 4177 conficiat

473 4202 558 4266 D.
613 4200 714 4267 13.
768 4211 824 4265 et
869 4204 952 4267 D.
1006 4202 1107 4266 14.

633 4289 792 4353 Jure
841 4288 1173 4354 Communi
1241 4294 1436 4369 tutor,
1507 4291 1614 4369 qui
1676 4289 2108 4369 repertorium
2185 4308 2309 4353 non
2374 4288 2546 4363 fecit,
2614 4288 2675 4351 in
2738 4306 2817 4352 ea

437 4376 803 4442 conditione
871 4384 990 4459 est,
1036 4384 1108 4441 ut
1154 4384 1454 4442 teneatur
1498 4379 1563 4442 in
1625 4378 1713 4455 id,
1773 4377 1943 4457 quod
2010 4378 2233 4459 pupilli
2296 4378 2595 4455 interest;
2667 4376 2813 4440 ideo

435 4464 590 4529 nihil
639 4473 790 4531 ante
835 4467 1264 4531 inventarium
1333 4484 1478 4530 eum
1525 4485 1757 4547 gerere
1803 4472 2080 4547 oportet,
2140 4466 2263 4529 nisi
2326 4464 2391 4529 id
2438 4464 2604 4545 quod
2652 4463 2813 4529 dila·

435 4554 674 4619 tionem
722 4573 844 4619 nec
889 4554 1204 4619 modicam
1253 4560 1598 4635 expectare
1644 4558 1865 4636 possit.
1913 4554 2205 4620 Alterum
2251 4553 2485 4617 tutoris
2536 4550 2813 4617 officium
