3350 5050
490 517 573 584 56
1279 516 1344 571 V.
1386 513 1723 582 ophthalmii
1760 511 2071 567 Processus

492 675 872 740 proponere,
920 655 1021 721 vel
1065 654 1435 724 habeantne
1483 652 1654 734 quod
1702 650 1764 715 in
1814 653 2255 731 quaestionem
2287 657 2564 718 vertant.
2618 653 2685 717 Si
2714 653 2867 718 nihil

492 747 735 812 habent
780 749 1022 826 parteS,
1054 743 1471 808 renunctiant
1516 741 2028 821 allegationibuS,
2078 745 2145 806 et
2188 739 2251 805 id
2300 741 2585 805 dicitur
2566 759 2632 805 111
2678 759 2873 806 causa

489 833 891 900 concludere.
932 832 1110 911 Quae
1135 829 1348 895 omnia
1370 829 1578 910 redigi
1601 828 1881 893 debent
1864 847 1927 892 1n
1948 829 2227 909 scriptis.
2272 828 2611 894 Conclusio
2640 848 2871 911 nempe

492 925 554 987 in
604 922 812 986 causis
859 920 1164 1003 plenariis
1227 923 1330 983 est
1397 917 1477 982 de
1525 917 1916 982 necessitate
1979 921 2045 982 et
2091 918 2467 982 substantia.
2538 917 2608 982 Si
2654 924 2873 998 partes

491 1011 712 1076 volunt
756 1009 968 1090 aliqua
1013 1007 1249 1087 dicere,
1313 1023 1504 1086 quum
1567 1010 1787 1070 tamen
1857 1004 2250 1069 sufficienter
2312 1005 2551 1069 dictum
2600 1025 2677 1069 ac
2720 1023 2869 1085 pro·
2930 1041 2936 1048 ·

486 1101 707 1165 batum
743 1098 846 1177 sit,
886 1097 1262 1175 eademque,
1295 1112 1460 1173 quae
1492 1091 1670 1174 prius
1716 1093 2037 1171 dixerunt,
2068 1096 2392 1174 repetant,
2433 1093 2633 1173 jndex
2678 1093 2874 1159 debet

487 1187 582 1253 eis
653 1185 890 1264 dicere,
963 1188 1035 1249 ut
1077 1184 1458 1248 renuncient
1526 1199 1602 1246 ac
1670 1181 2069 1260 concludant,
2130 1181 2238 1260 qui
2306 1182 2360 1244 si
2406 1181 2872 1248 contumaciter

488 1269 693 1340 nolint
746 1273 1126 1339 concludere
1174 1275 1572 1353 praesenteS,
1619 1274 1751 1334 tum
1800 1269 2012 1334 fertur
2056 1269 2391 1335 sententia.

686 1383 783 1447 De
830 1381 987 1446 Jure
1035 1380 1374 1460 Caesareo,
1423 1396 1875 1458 nonnunquam
1924 1378 2239 1444 conclusio
2286 1379 2354 1442 in
2401 1397 2597 1444 causa
2642 1385 2710 1444 et
2754 1398 2872 1460 per

486 1471 748 1536 tacitam
816 1468 1364 1535 renunciationem
1433 1465 1624 1547 valet,
1694 1471 1767 1530 ut
1827 1465 1881 1530 si
1925 1470 2147 1547 partes
2211 1472 2587 1547 praesentes
2643 1471 2873 1548 petunt

485 1557 643 1624 ferri
708 1559 1114 1636 sententiam,
1197 1573 1338 1621 sese
1385 1553 1558 1620 finali
1617 1555 1977 1619 sententiae
2036 1555 2379 1635 subjiciant
2436 1555 2745 1636 scientes;
2806 1560 2873 1619 et

490 1648 544 1712 si
591 1646 796 1711 fertur
857 1645 1178 1711 sententia
1227 1650 1378 1708 ante
1435 1642 1902 1708 conclusionem
1950 1642 2015 1705 in
2076 1659 2290 1724 causa,
2337 1663 2465 1708 non
2520 1648 2734 1708 tamen
2794 1662 2875 1708 ea

491 1735 779 1799 viciatur.
828 1733 896 1800 Si
944 1734 1112 1800 enim
1137 1752 1271 1799 non
1319 1749 1644 1813 expresse,
1694 1735 1910 1796 tamen
1956 1731 2150 1796 tacite
2178 1733 2739 1796 renunciaverunt.
2786 1731 2876 1796 Et

489 1840 613 1888 non
661 1822 886 1901 refert,
938 1821 1107 1902 quod
1152 1819 1267 1886 fiat
1311 1821 1524 1885 verbis
1569 1819 1675 1884 vel
1719 1818 1925 1885 factiS.

693 1931 763 1996 Si
808 1948 962 2012 pars
1007 1948 1137 1995 una
1166 1928 1322 1994 velit
1367 1929 1753 1993 renunciare
1800 1933 1868 1994 et
1912 1929 2316 2008 concludere,
2365 1933 2431 1992 et
2462 1927 2670 1992 altera
2702 1929 2877 1993 dicat

492 2038 561 2084 se
607 2017 869 2098 habere,
924 2019 1088 2099 quod
1122 2018 1277 2083 velit
1321 2016 1532 2081 adhuc
1562 2034 1962 2097 proponere:
2009 2018 2071 2082 ei
2101 2036 2221 2099 per
2258 2017 2539 2097 judicem
2572 2017 2874 2082 statuitur

493 2108 824 2187 terminus,
874 2126 997 2187 quo
1043 2107 1112 2170 id
1157 2104 1372 2170 faciat.

689 2217 821 2282 Ubi
867 2216 929 2280 in
978 2233 1172 2280 causa
1217 2213 1577 2278 conclusum
1611 2217 1729 2294 est,
1781 2214 1867 2278 ibi
1915 2233 2033 2295 per
2072 2213 2376 2296 judicem,
2425 2215 2547 2280 nisi
2580 2235 2660 2280 ex
2697 2214 2875 2296 justa
2960 2209 2967 2220 '

492 2311 562 2370 et
605 2304 892 2385 legitima
940 2321 1154 2384 causa,
1202 2302 1359 2367 nihil
1408 2301 1661 2367 admitti
1708 2301 1923 2370 debet.

692 2415 1165 2504 Concludentes
1236 2414 1448 2479 omnia
1517 2432 1681 2493 quae
1764 2414 1979 2494 velint,
2051 2418 2201 2480 ante
2270 2415 2738 2480 conclusionem
2809 2415 2871 2477 in

492 2523 686 2571 causa
733 2508 1114 2587 proponant,
1155 2508 1349 2583 atque
1386 2507 1676 2583 caveant,
1721 2520 1804 2567 ne
1847 2504 2223 2584 petitionem
2261 2503 2477 2584 jnstae
2510 2503 2869 2569 sententiae

490 2612 687 2676 super
734 2593 1017 2658 actitatis
1048 2592 1365 2656 omittant.
1411 2592 1678 2656 ‚Iudices
1722 2609 1949 2673 nempe
1996 2611 2121 2658 non
2168 2592 2289 2656 nisi
2333 2592 2674 2672 implorati,
2726 2610 2867 2656 sen-

487 2683 756 2747 tentiam
800 2681 972 2746 ferre
1020 2682 1272 2746 debent.

683 2798 868 2850 Causa
906 2795 1144 2851 efficiens
1172 2796 1585 2865 conclusionem,
1613 2800 1697 2849 est
1724 2795 1914 2863 jussus
1948 2794 2150 2863 judicis
2176 2801 2233 2849 et
2259 2804 2444 2863 partes
2471 2798 2870 2854 concludentes

617 2940 626 2952 ι
690 2868 1000 2936 Subjectum
1060 2868 1422 2923 conclusionis
1479 2874 1605 2921 sunt
1662 2866 2007 2935 intentioneS,
2067 2866 2422 2937 allegationes
2481 2876 2537 2923 et
2584 2870 2873 2938 petitiones

486 2946 973 3079 p‘Mtumsllbjectum
1013 3016 1139 3066 sunt
1177 3027 1344 3065 causa
1384 3018 1439 3064 et
1464 3013 1611 3079 juia,
1647 3010 1713 3063 cle
1753 3010 1947 3078 quibus
1987 3028 2085 3077 per
2122 3016 2308 3078 partes
2346 3010 2605 3079 litigatur.

685 3084 730 3135 1⁴
705 3100 904 3152 orma,
943 3082 1162 3151 quando
1201 3090 1326 3150 post
1362 3082 1737 3150 allegationem
1777 3089 1830 3135 et
1868 3081 2289 3149 disputationem
2327 3092 2513 3151 partes
2552 3102 2650 3151 per
2688 3100 2764 3153 se,
2792 3084 2869 3137 vel

476 3154 635 3221 jussu
669 3152 887 3222 Judicis,
927 3162 1244 3223 praesentes
1281 3154 1627 3209 concludunt.

679 3226 744 3277 Γ
730 3243 833 3349 iuis
873 3232 972 3296 est,
1011 3234 1073 3280 ut
1101 3226 1272 3295 judex
1311 3226 1536 3279 actitata
1563 3231 1759 3291 postea
1797 3224 2060 3279 deliberet
2098 3233 2152 3279 et
2176 3227 2467 3279 secundum
2508 3244 2573 3281 ea
2602 3245 2869 3296 exaequo

484 3312 780 3364 pronuncia
809 3339 822 3352 .

1141 3486 1267 3559 De
1319 3483 1820 3558 consultatione
1852 3484 2211 3584 judicum.

1383 3667 1721 3733 Titulus
1765 3669 1969 3733 XXX.
2040 3668 2053 3689 ‘

683 3824 834 3888 Post
904 3823 1266 3890 conclusum
1334 3824 1400 3887 in
1471 3840 1667 3888 causa
1694 3873 1709 3903 ,
1762 3822 1961 3902 judex
2028 3842 2168 3889 cum
2242 3825 2673 3891 assessoribus
2742 3829 2872 3893 suis

486 3918 632 3978 acta
679 3912 1016 3991 deliberat,
1067 3918 1134 3977 et
1176 3912 1239 3976 id
1291 3912 1529 3977 dicitur
1577 3911 1957 3977 consultatio
1997 3910 2251 3991 jndicis.
2318 3914 2418 3977 Ea
2480 3914 2571 3993 fit,
2620 3917 2871 3993 quoties

489 4019 683 4065 causa
727 4001 1075 4065 secundum
1123 4006 1301 4066 suam
1331 4000 1714 4081 gravitatem
1768 4018 1805 4063 a
1854 3998 2072 4078 judice
2102 4018 2220 4082 pro
2253 4001 2635 4067 invenienda
2667 4020 2874 4083 aequa

484 4089 806 4154 sententia
850 4089 1270 4189 ponderatur

677 4176 890 4240 Judex
970 4177 1230 4241 nonnisi
1316 4176 1661 4242 secundum
1747 4176 2025 4257 allegata
2091 4182 2161 4242 et
2224 4178 2501 4258 probata
2574 4178 2867 4260 judicare

482 4264 680 4329 debet
723 4253 768 4343 (
760 4266 840 4329 A
885 4263 994 4344 39,
1047 4264 1264 4329 Β.87
1269 4260 1324 4345 .)

680 4350 944 4429 Quoties
975 4314 1180 4432 'judex
1221 4352 1300 4417 de
1340 4351 1485 4431 jure
1533 4372 1672 4418 cum
1722 4353 2155 4418 assessoribus
2202 4355 2332 4419 suis
2379 4354 2653 4436 dubitat,
2718 4356 2868 4437 quia

486 4438 553 4504 id
598 4456 968 4520 expressum
1013 4459 1140 4505 non
1188 4440 1404 4521 habet,
1456 4440 1557 4505 vel
1601 4458 1973 4523 expressum
2022 4459 2145 4506 non
2194 4443 2352 4507 satis
2396 4442 2720 4525 intelligit,
2768 4445 2869 4509 vel

485 4544 679 4607 super
725 4527 861 4606 eJ‘us
910 4528 1370 4594 contrarietate
1413 4528 1757 4610 perplexus
1801 4529 2127 4595 redditur:
2173 4548 2302 4595 non
2348 4536 2451 4597 est
2494 4531 2867 4612 culpandus,
