3350 5050
1401 525 1486 578 De
1521 523 1839 584 maleficiis·
2738 528 2817 598 71

441 670 749 750 reliquae,
798 667 1023 733 saltem
1086 671 1168 732 de
1212 671 1468 732 centum
1514 664 1733 731 aureis
1790 683 1977 731 senos
2025 684 2278 731 aureos·
2316 666 2583 746 singulis
2636 665 2821 732 annis

441 757 852 836 obtinebant3
901 757 1072 835 quod
1118 761 1186 821 et
1230 752 1402 836 apud
1446 769 1564 817 nos
1609 757 1908 820 servatur
1952 745 2116 833 (Jus
2160 753 2356 820 Prov.
2406 754 2485 820 P.
2534 747 2637 834 1.)

637 844 845 924 Quum
877 862 1109 910 usurae
1143 843 1424 909 debeant
1452 858 1597 906 esse
1626 846 1858 923 pactae
1890 847 2073 908 certa
2102 843 2465 922 quantitate
2501 861 2541 907 a
2572 842 2824 922 legibus

441 933 723 1012 definita,
792 932 964 1014 apud
1030 950 1146 999 nos
1217 930 1687 1022 Constitutione
1744 930 2126 996 Provinciali
2193 932 2311 996 sub
2378 930 2570 995 litera
2606 931 2707 997 P.
2757 932 2818 996 1.

443 1027 726 1102 cavetur,
787 1039 868 1086 ne
917 1021 1059 1101 quis
1103 1037 1220 1102 pro
1272 1023 1522 1084 centum
1545 1019 1907 1099 sexagenis
1950 1035 2321 1100 grossorum
2368 1023 2586 1084 mutuo
2634 1018 2824 1084 alicui

448 1111 616 1176 datis
682 1109 826 1191 plus
895 1127 1083 1188 quam
1154 1125 1340 1173 senas
1422 1123 1778 1185 sexagenas
1853 1107 2195 1187 quotannis
2262 1107 2513 1173 nomine
2584 1125 2821 1173 usurae

444 1199 740 1280 accipiat.
789 1195 990 1263 Secus
1035 1196 1277 1262 faciens
1335 1193 1597 1260 infamia
1643 1200 1904 1261 notatur
1965 1201 2033 1261 et
2078 1195 2246 1260 omni
2299 1193 2467 1277 jnris
2513 1195 2821 1262 beneflcio

447 1287 834 1364 excluditur;
884 1286 1014 1351 imo
1063 1290 1131 1351 et
1173 1284 1512 1366 pecuniam
1555 1283 1673 1348 sub
1718 1282 1941 1350 illicita
1985 1301 2181 1349 usura
2233 1283 2543 1349 creditam
2585 1284 2825 1350 amittit

441 1366 556 1456 (0.
608 1375 663 1440 7.
714 1375 840 1439 Jus
886 1373 1082 1438 Prov.
1129 1375 1205 1440 P.
1255 1365 1356 1452 1.)
2190 1369 2197 1386 ¹

638 1462 970 1543 Ejusmodi
1025 1461 1247 1527 illicita
1304 1477 1501 1525 usura
1560 1460 1640 1525 de
1685 1460 1844 1525 Jure
1907 1459 2287 1526 Provinciali
2337 1459 2411 1525 fit
2466 1459 2819 1527 trifariam:

447 1550 661 1616 Primo
710 1550 967 1630 quidem
1014 1549 1203 1615 modo
1249 1549 1441 1629 dicto,
1501 1549 1555 1613 si
1603 1547 1743 1628 quis
1788 1546 1931 1628 plus
1979 1566 2166 1628 quam
2215 1565 2404 1614 senas
2464 1567 2823 1630 sexagenas

445 1643 811 1720 grossorum
881 1656 1000 1721 pro
1048 1643 1301 1704 centum
1347 1639 1687 1718 sexagenis
1750 1653 1954 1715 gross.
2025 1636 2318 1718 accipiat.
2388 1636 2704 1719 Secundo,
2767 1639 2821 1703 si

452 1728 592 1808 quis
638 1728 810 1792 ultra
855 1726 1105 1792 solitam
1157 1743 1436 1806 usuram,
1487 1744 1526 1788 a
1571 1724 1862 1790 debitore
1911 1728 2143 1804 vesteS,
2191 1740 2406 1805 equos,
2450 1724 2711 1806 pellicia
2755 1730 2825 1792 et

444 1815 510 1879 id
535 1833 738 1896 genus
768 1815 1075 1879 mercium
1119 1813 1376 1894 majoris
1405 1813 1619 1895 pretii,
1643 1813 1934 1893 recipiat.
1967 1813 2208 1894 Tertio,
2240 1813 2295 1878 si
2325 1813 2470 1900 quis
2499 1818 2819 1878 monetam

448 1906 826 1984 argenteam
869 1902 970 1968 vel
1016 1920 1280 1968 auream
1322 1901 1606 1982 majoriS‚
1654 1918 1845 1981 quam
1888 1900 2079 1982 valet,
2117 1919 2235 1982 per
2280 1919 2349 1966 se
2396 1902 2819 1982 aestimatam,

439 1992 844 2056 mutuaverit.

640 2081 821 2144 Anno
856 2078 1097 2144 Salutis
1131 2073 1300 2143 1575
1324 2075 1441 2141 fer.
1477 2074 1532 2141 3.
1562 2080 1712 2158 post
1739 2076 2055 2142 Matthaei
2086 2075 2153 2142 in
2185 2077 2437 2158 Synodo
2470 2077 2817 2156 celebrata,

446 2168 688 2233 crimen
745 2167 1152 2248 partitorum,
1217 2165 1386 2248 quod
1448 2166 1643 2230 variis
1703 2165 1909 2230 modis
1959 2165 2393 2246 committitur,
2456 2166 2574 2231 sub
2612 2183 2821 2247 poena

403 2283 410 2297 =
448 2255 868 2320 ammissionis
912 2254 1142 2334 famae,
1190 2257 1361 2320 vitae
1410 2258 1477 2319 et
1519 2253 1894 2319 facultatum
1943 2256 2044 2318 est
2086 2253 2517 2320 interdictum.

639 2343 827 2408 Licet
871 2344 952 2408 de
988 2342 1148 2408 Jure
1193 2348 1413 2407 nostro
1464 2356 1660 2408 usura
1705 2347 1773 2406 et
1815 2343 2129 2407 interesse
2175 2360 2622 2422 nonnunquam
2672 2349 2820 2406 coh-

446 2431 816 2511 fundantur‚
879 2437 1096 2495 tamen
1151 2431 1416 2511 proprie
1473 2429 1789 2495 interesse
1847 2429 2082 2494 dicitur
2137 2428 2381 2494 lucrum
2442 2448 2698 2494 cessans
2753 2434 2821 2494 et

446 2519 742 2585 damnum
792 2539 871 2585 ex
916 2537 1101 2584 mora
1158 2517 1454 2584 debentis
1511 2536 1867 2599 emergenS‚
1926 2520 1998 2582 ut
2042 2517 2096 2582 si
2138 2517 2308 2583 inter
2370 2518 2820 2586 contrahentes

437 2607 679 2689 aliquid
725 2627 851 2674 non
898 2612 1265 2689 praestetur
1309 2606 1694 2686 promissum
1743 2596 1862 2686 (H.
1912 2604 2017 2672 35.
2070 2606 2155 2671 Η.
2201 2595 2351 2686 36.)

1329 2795 1455 2869 De
1502 2794 1907 2869 homicidio.

635 2937 1063 3002 Homicidium
1109 2938 1322 3004 notius
1368 2942 1470 3003 est
1501 2954 1689 3016 quam
1731 2942 1803 3003 ut
1844 2935 2203 3005 definiatur.
2250 2938 2342 3005 Et
2372 2938 2605 3013 dicitur
2636 2940 2818 3021 quasi

440 3026 712 3093 hominis
746 3026 998 3090 occisio.
1043 3026 1143 3090 De
1178 3026 1329 3106 jure
1373 3030 1592 3090 nostro
1641 3032 1743 3091 est
1788 3032 1902 3090 aut
1942 3031 2147 3107 atrox,
2180 3026 2351 3106 quod
2397 3026 2667 3108 spolium
2715 3027 2816 3092 vel

437 3116 730 3197 rapinam
763 3113 1165 3192 conjunctam
1199 3112 1417 3191 habet,
1467 3130 1522 3175 m
1544 3114 1707 3193 otb3
1753 3120 1868 3179 aut
1910 3113 2115 3178 minus
2146 3119 2353 3197 introit,
2386 3114 2553 3197 quod
2588 3116 2817 3196 rapina

440 3208 638 3281 caret,
673 3194 974 3283 mrafiba.
1021 3191 1144 3282 (Ν.
1175 3200 1278 3267 28.
1282 3190 1340 3281 ).
1393 3201 1647 3267 Primae
1682 3202 1921 3286 speciei
1948 3201 2267 3268 homicida
2298 3222 2461 3283 equo
2494 3202 2814 3284 alligatus,

441 3290 524 3355 ad
597 3308 717 3372 sup
765 3290 982 3355 licium
1056 3288 1338 3356 trahitur
1411 3296 1476 3357 et
1551 3290 1831 3355 contusis
1904 3290 2152 3356 ossibus
2219 3296 2405 3358 rotae
2471 3292 2820 3372 imponitur

443 3372 566 3459 (N.
596 3378 699 3445 30.
759 3378 1207 3548 'mpgssserioris
1256 3397 1408 3445 vero
1455 3378 1695 3459 speciei
1741 3377 1969 3445 saltem
2002 3377 2215 3464 gladio
2262 3380 2527 3461 punitur
2555 3368 2684 3459 (Ν.
2706 3378 2811 3445 31.

436 3468 610 3533 Βίεἰ.
664 3468 725 3531 1.
931 3520 944 3534 .

635 3555 1066 3620 Homicidium
1140 3554 1557 3620 committitur
1624 3554 1840 3620 multis
1908 3557 2142 3623 modis:
2208 3556 2385 3637 Telo,
2449 3563 2522 3623 ut
2578 3554 2815 3622 dictum

444 3648 573 3720 est3
645 3662 910 3724 veneno,
981 3649 1054 3709 ut
1111 3643 1164 3708 si
1212 3644 1353 3723 quis
1407 3644 1577 3707 mala
1634 3644 1896 3725 potione
1955 3646 2232 3725 aliquem
2292 3646 2645 3727 extinguat,
2716 3644 2816 3709 vel

440 3730 674 3797 foetum
721 3730 960 3797 illicitis
1008 3731 1234 3797 mediis
1279 3732 1458 3812 virgo
1516 3738 1630 3796 aut
1674 3731 1867 3797 vidua
1913 3732 2196 3814 expellat
2253 3739 2364 3799 aut
2406 3735 2473 3800 in
2517 3732 2816 3798 latrinam

443 3820 541 3884 vel
589 3826 853 3900 pateum
900 3820 1198 3885 demittat
1244 3810 1366 3901 (N.
1403 3810 1551 3901 35.)
1621 3819 1953 3895 Ejusmodi
2001 3822 2319 3887 homicida
2363 3841 2481 3904 pro
2512 3819 2814 3886 aestima·

439 3910 611 3973 tione
636 3907 923 3987 ‚iudicum
958 3907 1325 3989 capitaliter
1354 3908 1618 3989 punitur
1651 3899 1775 3987 (N.
1807 3908 1911 3975 36.
1914 3902 1972 3989 ).
2024 3909 2090 3974 Is
2124 3928 2373 3992 quoque
2406 3908 2813 3976 homicidium

438 3995 793 4071 committit,
866 3997 974 4077 qui
1031 3996 1295 4061 mandat
1365 3994 1464 4060 vel
1523 4013 1780 4061 causam
1843 3997 2136 4080 praebet,
2198 4004 2269 4063 ut
2327 3999 2557 4078 aliquis
2613 3996 2813 4061 inter-

436 4084 690 4148 ficiatur
735 4075 857 4162 (N.
906 4084 1011 4149 32.
1065 4082 1148 4151 Ν.
1199 4075 1344 4161 52.)

635 4170 757 4249 Qui
815 4190 1282 4254 aggressorem‚
1343 4172 1442 4238 vel
1507 4188 1950 4253 quemcunque
2011 4174 2207 4239 alium
2264 4174 2328 4239 in
2389 4174 2582 4239 dubio
2643 4172 2815 4238 vitae

433 4260 839 4340 constitutae,
910 4260 1239 4341 occiderit,
1314 4280 1524 4343 poena
1591 4259 1917 4326 homicidii
1973 4280 2100 4327 non
2160 4266 2433 4328 tenetur.
2500 4262 2817 4328 Defensor

441 4366 672 4430 nempe
718 4349 1023 4431 propriae
1071 4349 1295 4416 salutis
1338 4350 1404 4417 in
1449 4350 1622 4416 nullo
1654 4367 1929 4431 peccare
1977 4350 2233 4417 videtur
2280 4340 2400 4430 (Ν.
2432 4352 2532 4417 16.
2572 4350 2637 4416 S.
2669 4339 2815 4432 16.)

636 4458 780 4523 Huc
825 4458 937 4525 illa
980 4460 1337 4542 pertinent:

635 4546 891 4615 Pellere
935 4550 1061 4613 vim
1108 4548 1191 4629 vi,
1232 4547 1384 4629 jura
1429 4548 1666 4628 sinunt,
1712 4551 1783 4614 et
1826 4546 2089 4615 vulnere
2134 4549 2381 4617 vulnus.
