3350 5050
540 485 668 553 246
1576 537 1585 548 ,
1624 478 1894 534 Stranskii

572 697 579 702 ,
745 621 855 687 IV.
905 620 993 685 Et
1024 635 1409 699 quanquam,
1456 624 1607 700 post
1648 621 1916 686 crebras
1947 625 2098 685 ante
2129 625 2200 685 et
2239 620 2326 685 ab
2351 640 2613 686 excessu
2645 619 2939 686 Maximi-

553 710 702 775 liani
738 708 943 790 patris
976 707 1095 773 sub
1127 707 1463 788 Rudolpho
1496 705 1624 772 filio
1655 713 1864 788 nataS,
1915 710 2275 790 partimque
2321 709 2604 774 decretis
2649 708 2937 783 comitia-

551 798 715 864 libus
762 796 1041 862 sancitas
1087 794 1283 876 leges,
1337 795 1574 875 partim
1620 814 1737 877 pro
1785 797 2090 862 tribunali
2137 796 2219 861 de
2268 797 2462 862 variis
2509 799 2940 863 controversis

552 885 806 951 casibus
852 888 985 948 tum
1034 903 1069 946 a
1098 883 1383 963 Regibus
1420 887 1561 948 ‘tum
1612 903 1651 948 a
1682 881 1924 950 Senatu
1971 902 2198 964 magno
2244 885 2428 963 lataS‚
2474 893 2542 950 et
2573 892 2938 966 propterea,

551 973 762 1053 patrio
834 973 913 1036 de
986 990 1186 1050 more,
1262 970 1423 1049 legis
1493 971 1582 1036 sic
1656 972 1779 1036 vim
1846 973 2144 1053 indeptas
2221 971 2576 1038 decisiones
2655 974 2940 1038 novellas

553 1053 850 1146 (Ndlezy
872 1058 1268 1124 Xuthi-sled
1286 1083 1331 1123 a
1353 1057 1663 1140 Panske'),
1710 1060 1877 1140 Regi
1908 1062 2157 1141 pariter
2187 1067 2254 1125 et
2283 1061 2512 1140 populo
2540 1079 2577 1125 e
2603 1061 2940 1142 republica

552 1153 653 1216 est
712 1149 931 1225 visum,
994 1152 1067 1210 ut
1125 1146 1584 1228 promulgatus,
1646 1166 1788 1212 cum
1835 1147 2273 1214 Terrestrium
2327 1148 2436 1214 ille
2483 1149 2936 1228 Maximiliano,

554 1242 687 1301 tum
734 1235 1219 1316 Municipalium
1268 1235 1605 1316 Rudolpho
1651 1241 1984 1316 regnante,
2047 1243 2320 1316 uterque
2382 1238 2744 1317 promiscuo
2804 1243 2938 1302 tum

552 1343 675 1391 usu
736 1323 989 1406 publice
1048 1323 1491 1404 frequentatus
1545 1323 1760 1404 legum
1817 1324 2018 1390 codex
2063 1324 2298 1390 iterum
2347 1332 2936 1405 recognosceretur,

556 1431 631 1478 ac
692 1411 1041 1492 dispunctis
1100 1429 1265 1492 quae
1322 1410 1780 1494 heterogenea,
1844 1428 2008 1491 quae
2069 1411 2523 1492 discrepantia,
2583 1430 2750 1492 quae
2814 1433 2936 1481 non

557 1499 714 1566 satis
759 1499 1083 1566 succincta
1126 1502 1193 1565 in
1242 1504 1515 1579 utroque
1559 1500 1800 1580 passim
1845 1505 2206 1580 occurrunt,
2261 1500 2324 1563 in
2374 1501 2684 1578 ordinem,
2747 1521 2936 1580 quam

558 1589 867 1654 hactenus
914 1590 1303 1654 exactiorem
1349 1589 1673 1666 redactuS,
1743 1588 2130 1667 insertisque
2180 1588 2604 1655 comitialibus
2649 1589 2940 1655 tribuna-

556 1678 841 1756 liumque
909 1673 1035 1740 illis
1100 1677 1351 1757 legibus
1418 1676 1621 1756 novis,
1691 1674 1940 1748 auctior
2008 1693 2083 1740 ac
2151 1676 2551 1741 enucleatior
2615 1678 2943 1757 prodiret:

561 1782 667 1832 res
712 1771 928 1828 tamen
974 1782 1074 1844 ea,
1142 1765 1273 1830 fato
1320 1764 1535 1829 nescio
1607 1779 1760 1843 quo.
1801 1763 2204 1844 prohibente,
2277 1782 2638 1830 successum
2703 1764 2944 1831 habere

559 1853 826 1932 nequiit,
873 1853 997 1917 nisi
1045 1853 1211 1933 quod
1258 1852 1747 1932 Magdeburgici
1792 1851 2250 1932 peregrinique
2289 1851 2454 1929 jnris
2501 1855 2746 1919 caeteri
2791 1873 2942 1919 usus

561 1942 785 2021 omniS,
836 1958 1035 2021 aegre
1082 1941 1340 2006 tandem
1388 1939 1730 2019 aliquando
1789 1931 1974 2018 (ann.
2027 1931 2238 2018 1610)
2299 1958 2426 2004 una
2481 1958 2626 2006 cum
2692 1946 2942 2008 vetusto

558 2029 969 2094 scabinorum
1048 2028 1354 2094 tribunali
1432 2027 2004 2107 Litomierzicensi,
2098 2027 2350 2109 penitus
2441 2033 2541 2092 est
2633 2029 2939 2094 sublatus.

560 2117 999 2182 Mandabatur
1057 2117 1311 2182 interea
1380 2131 1697 2196 persaepe
1759 2131 1840 2180 ea
1895 2115 2108 2196 legum
2167 2116 2390 2182 scitius
2449 2116 2942 2196 digerendarum

565 2222 722 2272 cura
793 2204 1056 2269 delectis
1112 2205 1177 2268 in
1234 2204 1547 2269 Ordinum
1612 2204 2028 2268 conventibus
2089 2223 2166 2268 ex
2227 2204 2399 2268 omni
2461 2222 2728 2270 numero
2791 2205 2944 2270 viris

562 2292 955 2374 sapientibus
986 2296 1055 2357 et
1076 2291 1241 2371 juris
1272 2292 1463 2372 patrii
1496 2292 1744 2372 peritis,
1775 2309 1942 2356 nunc
1965 2291 2274 2372 pluribuS,
2305 2309 2473 2357 nunc
2497 2293 2940 2372 paucioribus:

561 2381 1008 2448 nonnullorum
1039 2385 1253 2446 tamen
1286 2385 1706 2461 praepostere
1739 2379 1874 2445 sive
1900 2380 2280 2459 timidorum,
2331 2380 2466 2444 sive
2496 2380 2942 2460 religiosorum

563 2469 954 2547 morositate,
986 2469 1051 2534 in
1085 2487 1275 2535 cursu
1308 2468 1517 2533 medio
1541 2467 1918 2533 sistebatur.
1949 2468 2172 2548 Regno
2204 2466 2607 2533 nihilominus
2633 2468 2946 2535 Matthiae

562 2559 721 2639 Imp.
791 2557 1249 2639 propemodum
1318 2562 1605 2622 extremo
1674 2550 1860 2637 (ann.
1910 2547 2120 2635 1615)
2193 2574 2580 2637 progressus
2647 2576 2755 2622 eos
2835 2576 2942 2623 res

565 2645 728 2712 haec
772 2651 874 2711 est
916 2646 1165 2724 sortita,
1236 2650 1307 2709 ut
1365 2644 1486 2709 nisi
1546 2644 1926 2724 repentinus
1984 2644 2092 2710 ille
2152 2646 2340 2710 turbo
2389 2661 2468 2709 ac
2513 2644 2944 2726 lacrymabilis

564 2735 761 2801 totius
804 2734 992 2813 regni
1043 2738 1251 2798 motus
1298 2722 1479 2813 (aniz.
1546 2724 1758 2809 1618)
1821 2734 2321 2813 supervenisset,
2383 2734 2624 2797 exitum
2683 2735 2944 2800 tandem

568 2842 645 2888 ex
707 2826 851 2886 voto
898 2819 1199 2885 habitura
1244 2820 1368 2885 dici
1424 2821 1641 2901 possit.
1709 2820 1983 2886 Inolevit
2029 2839 2218 2901 porro
2279 2836 2414 2886 mos
2455 2820 2590 2901 jam
2650 2822 2800 2885 inde
2862 2822 2944 2900 ab

564 2910 717 2991 ipsis
762 2910 971 2987 legum
1019 2908 1441 2987 incunabulis,
1504 2916 1573 2974 ut
1634 2928 1858 2973 earum
1919 2908 2072 2973 facti
2133 2928 2210 2973 ex
2270 2909 2646 2975 membrana
2689 2910 2944 2975 codices

568 2996 915 3063 authentici
948 2997 1222 3076 I’ragae,
1255 3000 1604 3063 terrestres
1648 2997 1964 3077 principio
1995 2997 2220 3061 insani
2267 2996 2596 3077 cuiusdam
2637 2998 2943 3073 sacrariO,

563 3092 791 3167 postea
820 3076 970 3158 (nisi
997 3086 1162 3163 quod
1188 3085 1566 3149 Caurzimae
1598 3104 1675 3150 ex
1704 3086 1977 3165 quadam
2009 3084 2280 3150 Boleslai
2305 3084 2493 3149 Saevi
2517 3085 2941 3161 ordinatione,

566 3174 668 3239 cui
714 3172 867 3238 urbs
914 3190 993 3237 ea
1039 3191 1199 3253 prae
1247 3173 1387 3237 aliis
1433 3171 1556 3236 fuit
1594 3172 1873 3253 addicta,
1923 3172 2296 3251 aliquandiu
2325 3172 2390 3236 in
2421 3191 2584 3239 novo
2617 3176 2942 3253 praetorio

565 3255 1050 3338 condebantur),
1111 3262 1177 3324 in
1225 3260 1794 3327 San-Clementina
1839 3262 2024 3326 domo
2073 3261 2416 3341 praetoria,
2479 3262 2740 3325 tandem
2789 3280 2944 3327 vero

564 3351 632 3415 in
680 3347 847 3413 arcis
895 3350 958 3415 S.
993 3348 1355 3413 Wenceslai
1403 3348 1641 3428 palatio
1686 3348 2204 3427 WladislavianO,
2251 3367 2393 3413 cum
2439 3350 2620 3429 regni
2669 3350 2945 3414 archivis

562 3442 977 3504 servarentur
1044 3430 1121 3515 ¹),
1198 3436 1614 3516 municipales
1685 3437 1750 3501 in
1823 3436 2020 3503 Urbis
2087 3436 2352 3515 Majoris
2421 3435 2940 3519 chartophylacio

563 3524 1061 3591 custodirentur.
1132 3524 1378 3588 Harum
1440 3525 1805 3604 primigenii
1865 3525 2136 3602 codices,
2205 3526 2271 3590 in
2345 3545 2420 3589 eo
2486 3544 2606 3603 quo
2672 3526 2942 3590 diximus

566 3614 815 3692 Pragae
862 3611 1125 3692 Majoris
1174 3612 1333 3692 loc0,
1380 3610 1700 3691 hodieque
1746 3630 2088 3693 superesse
2137 3614 2507 3679 scribuntur
2557 3604 2639 3690 ²):
2690 3613 2942 3678 illarum

567 3720 717 3766 vero
752 3700 1163 3781 exemplaria,
1199 3718 1362 3779 quae
1394 3704 1543 3765 aute
1568 3700 1959 3765 Ferdinandi
1983 3700 2034 3765 Ι.
2069 3708 2362 3782 tempora
2393 3701 2654 3765 fuerunt
2682 3702 2944 3782 scripta,

567 3790 901 3869 repentino
930 3788 1041 3852 illo
1074 3795 1268 3867 atque
1300 3788 1594 3866 terribili,
1640 3808 1762 3853 nec
1807 3808 2082 3869 unquam
2123 3788 2279 3857 satis
2312 3789 2730 3869 deplorando,
2778 3790 2946 3853 arcis

568 3884 635 3942 et
676 3877 943 3942 Minoris
992 3874 1480 3957 Superiorisque
1530 3876 1726 3941 Urbis
1772 3877 2117 3956 Pragensis
2152 3877 2447 3943 incendio
2492 3863 2676 3956 (ann.
2734 3871 2944 3955 1541)

566 3985 705 4030 cum
755 3964 1176 4029 monumentis
1244 3984 1318 4029 ac
1386 3964 1704 4030 tabulario
1770 3967 1953 4043 regni
2001 3968 2298 4031 universo
2373 3969 2518 4030 sunt
2586 3965 2943 4045 absumpta.

567 4054 745 4132 Quae
794 4070 935 4118 cum
980 4054 1073 4116 ita
1118 4052 1265 4131 sint,
1313 4069 1435 4116 non
1484 4052 1687 4133 inepti
1729 4054 1939 4132 modo,
1989 4073 2208 4119 verum
2255 4056 2448 4119 etiam
2497 4053 2946 4119 convitiatores

566 4141 881 4207 manifesti
928 4146 1094 4220 sunt,
1147 4158 1565 4220 quaecunque
1618 4145 1767 4221 post
1823 4141 2182 4209 «Iohannem
2231 4142 2586 4221 Aubanum,
2651 4139 2946 4221 Bojemos

566 4230 896 4311 cyclopum
944 4246 1123 4293 more
1169 4229 1343 4308 leges
1388 4228 1595 4292 nullas
1642 4228 1907 4310 habere,
1977 4230 2209 4296 nedum
2265 4231 2488 4297 audire
2545 4229 2942 4307 cavillantur,

574 4376 882 4385 ’.ψ-.-

768 4441 811 4500 ¹)
856 4440 1056 4505 linger.
1098 4438 1165 4491 ad
1205 4454 1328 4492 ann.
1367 4441 1487 4507 876,
1530 4441 1634 4495 959
1674 4444 1730 4490 ct
1771 4438 1925 4495 1321.
2003 4438 2055 4509 ²)
2093 4438 2171 4493 M.
2195 4436 2350 4493 Paul.
2375 4438 2669 4493 Christiani
2707 4438 2946 4493 Praefat.

570 4510 905 4565 dedicatoria
942 4511 995 4563 in
1034 4510 1323 4577 Epitomen
1357 4510 1474 4564 Jur.
1514 4508 1718 4563 Munic.
1946 4538 1955 4546 ·
