3350 5050
564 469 695 543 242
761 409 764 414 γ
1625 470 1894 526 Stranskii

1490 737 1788 808 cAPU'r
1839 739 2016 808 ΧΠ.

1278 921 1402 992 De
1458 918 1920 1016 Bojemorzme.
1974 917 2251 1015 leyibus.

759 1115 811 1180 Ι.
860 1113 1164 1194 Legimus
1206 1117 1341 1179 tum
1379 1113 1442 1177 in
1481 1131 1690 1191 sacra,
1737 1122 1870 1180 tum
1909 1116 1972 1180 in
2024 1113 2291 1195 profana
2319 1119 2604 1178 veterum
2655 1112 2942 1184 historia,

565 1204 889 1283 sapientes
911 1203 1159 1284 priscos
1185 1203 1289 1281 qui
1317 1202 1715 1283 respublicas
1739 1203 2133 1269 celebriores
2159 1203 2347 1284 primi
2367 1202 2463 1266 vel
2483 1201 2832 1267 fundarunt
2853 1200 2946 1264 vel

564 1291 941 1370 formarunt,
974 1291 1035 1355 in
1084 1309 1157 1354 re
1202 1289 1377 1353 nulla
1423 1290 1722 1356 solertius
1758 1291 2152 1367 elaborasse,
2200 1309 2383 1370 quam
2435 1296 2506 1354 ut
2535 1307 2784 1353 omnem
2832 1289 2947 1352 sub

567 1380 736 1444 idem
770 1377 1013 1443 coelum
1044 1384 1112 1442 et
1143 1379 1205 1442 in
1239 1379 1425 1442 unius
1456 1379 1617 1442 certi
1652 1381 1837 1458 quasi
1868 1382 2158 1460 corporis
2189 1396 2559 1458 compagem
2588 1378 2947 1441 coeuntium

567 1467 891 1532 hominum
939 1485 1013 1532 ac
1062 1466 1289 1531 civium
1336 1484 1593 1530 suorum
1642 1468 1922 1546 turbam,
1982 1469 2047 1532 in
2093 1469 2491 1546 societatem,
2557 1466 2765 1545 quoad
2811 1463 2950 1528 fieri

566 1559 807 1636 posset,
868 1555 1125 1620 beatam
1180 1547 1227 1632 ¹)
1289 1559 1357 1618 et
1400 1554 1657 1634 longum
1709 1555 2082 1620 duraturam
2128 1555 2568 1632 traducerent,
2633 1559 2950 1633 attempe-

564 1643 849 1722 ratisque
896 1643 977 1706 ad
1024 1641 1164 1722 ejus
1211 1643 1464 1722 genium
1514 1643 1696 1706 bonis
1743 1661 1818 1707 ac
1866 1645 2088 1724 aequis
2133 1642 2402 1723 legibus,
2453 1644 2620 1707 inter
2653 1659 2945 1720 sequani

570 1730 928 1796 arctissime
964 1731 1387 1796 devincirent.
1436 1729 1687 1795 Scimus
1731 1731 1795 1794 id
1844 1733 2048 1811 egisse
2095 1731 2264 1811 apud
2298 1729 2632 1795 Hebraeos
2663 1731 2951 1810 Moysen,

568 1820 787 1886 Minoa
846 1818 1016 1898 apud
1074 1819 1442 1899 CretenseS,
1512 1819 1682 1898 apud
1740 1821 2026 1885 Graecos
2084 1817 2377 1884 Solonem
2439 1819 2953 1898 Lycurgumquc,

566 1905 736 1989 apud
766 1905 1089 1970 Romanos
1120 1904 1409 1983 Numam,
1460 1912 1527 1969 et
1574 1907 1683 1985 qui
1728 1912 1874 1987 post
1917 1906 2060 1972 illos
2107 1907 2476 1987 surgebant,
2525 1907 2697 1970 viros
2747 1923 2948 1986 prope

566 1994 812 2059 divinos
856 1994 1093 2074 plures.
1144 1993 1279 2058 Nec
1328 1992 1455 2057 ulla
1498 1993 1618 2057 fuit
1664 2000 1781 2058 aut
1823 2000 1924 2060 est
1968 1994 2244 2060 celebris
2283 1993 2605 2059 hominum
2653 1993 2946 2068 societas,

569 2100 733 2164 quae
768 2081 889 2161 vel,
936 2082 1279 2146 nomadum
1310 2083 1533 2158 instar,
1584 2081 1762 2160 leges
1808 2082 2016 2147 nullas
2061 2083 2324 2161 habeat,
2373 2083 2473 2146 vel
2525 2101 2686 2162 quas
2730 2081 2947 2155 habet,

573 2189 698 2236 non
747 2186 977 2248 magno
1024 2169 1301 2250 cuipiam
1349 2175 1414 2233 et
1450 2187 1591 2233 cum
1626 2169 1764 2233 deis
1795 2171 1975 2249 quasi
2009 2171 2413 2236 consiliorum
2448 2169 2950 2234 communionem

569 2257 835 2336 tenenti,
884 2256 1065 2322 heroi
1112 2275 1224 2322 suo
1275 2262 1573 2338 acceptas
1636 2257 1811 2322 ferre
1859 2259 2178 2323 audiatur.
2229 2257 2492 2337 Bojema
2537 2276 2695 2337 gens
2753 2256 2948 2320 nihilo

568 2346 735 2412 forte
782 2345 1081 2425 gentibus
1136 2345 1277 2409 aliis
1324 2344 1447 2409 hac
1492 2362 1746 2424 quoque
1805 2347 1868 2409 in
1915 2365 1988 2410 re
2033 2354 2136 2412 est
2181 2346 2466 2412 inferior.
2531 2346 2776 2410 Habuit
2821 2343 2950 2421 illa,

567 2434 910 2512 habetque,
983 2433 1263 2497 moribus
1310 2433 1440 2497 suis
1488 2433 1956 2513 convenienter,
2019 2439 2203 2498 natas
2264 2434 2433 2499 domi
2497 2439 2563 2498 et
2611 2433 2747 2513 jam
2793 2431 2948 2496 olim

570 2542 611 2589 a
641 2523 887 2601 magnis
919 2520 1069 2601 suiS‚
1117 2540 1361 2600 usuque
1405 2539 1623 2586 rerum
1673 2523 2158 2603 spectatissimis
2197 2521 2643 2587 thesmothetis
2687 2526 2949 2599 rogatas

571 2611 748 2691 leges
816 2610 1017 2674 bonas
1076 2616 1270 2689 atque
1328 2610 1641 2674 instituta.
1715 2609 2014 2675 Omnium
2078 2610 2322 2691 primus
2391 2612 2566 2691 genti
2623 2608 2949 2690 quosdam,

571 2699 767 2763 rudes
824 2714 977 2763 sane
1039 2697 1184 2763 illos
1245 2704 1311 2762 et
1356 2716 1435 2761 ex
1498 2698 1906 2763 decessorum
1957 2698 2190 2764 Czechi
2249 2716 2324 2763 ac
2369 2700 2555 2765 Croci
2618 2699 2952 2775 utriusque

572 2785 857 2851 arbitriis
881 2784 1277 2866 compilatOS,
1304 2786 1537 2866 legum,
1564 2790 1635 2849 ut
1658 2785 1752 2849 ita
1773 2785 2127 2865 loquamur,
2161 2778 2428 2862 θεσμοὺς
2457 2784 2953 2867 praescripsisse

570 2874 805 2952 legitur
854 2864 907 2950 ²)
952 2874 1379 2955 PrzemySIuS,
1430 2892 1510 2937 ex
1542 2871 1810 2939 Stadicii
1855 2875 2006 2956 pagi
2034 2874 2306 2955 domin0,
2356 2874 2641 2954 quamvis
2675 2881 2949 2945 aratore,

573 2962 872 3043 princeps
928 2962 993 3025 in
1040 2960 1327 3040 Bojemia
1371 2963 1633 3043 primus.
1701 2962 1823 3026 Hic
1869 2963 2067 3043 igitur
2113 2963 2284 3046 apud
2329 2981 2444 3028 nos
2492 2970 2612 3041 est,
2673 2962 2838 3043 quod
2885 2966 2950 3025 ct

572 3068 800 3114 nomen
847 3046 985 3125 ejus
1029 3049 1256 3128 signat,
1308 3050 1565 3129 quidam
1598 3051 1780 3129 quasi
1811 3050 2267 3117 Prometheus!
2317 3052 2496 3115 Bene
2528 3068 2597 3115 se
2631 3049 2956 3115 dederunt

574 3155 653 3202 ea
718 3136 1035 3218 principia
1106 3144 1171 3201 ct
1232 3137 1593 3201 sanctiones
1655 3137 2145 3219 Przemyslaeae
2205 3139 2373 3215 illae,
2446 3136 2667 3217 quales
2731 3137 2955 3217 quales

573 3230 779 3304 erant,
849 3224 1159 3306 probatae
1220 3232 1367 3289 sunt
1432 3225 1668 3305 populo
1730 3228 1902 3290 omni
1968 3244 2044 3290 ac
2113 3226 2368 3307 publice
2441 3234 2763 3306 receptae,
2831 3242 2952 3288 nec

577 3314 781 3377 minus
812 3313 1163 3377 tenacitate
1196 3319 1377 3378 tanta
1410 3313 1848 3393 religioneque
1879 3315 2245 3393 observata,
2280 3320 2350 3378 ut
2379 3332 2600 3379 earum
2635 3313 2950 3394 quaedam

575 3418 783 3481 neque
828 3400 976 3464 dum
1008 3402 1263 3480 penitus
1294 3401 1707 3465 exoleverint.
1755 3402 1962 3467 Radix
1995 3403 2193 3482 igitur
2223 3402 2371 3466 illae
2403 3408 2550 3465 sunt
2580 3406 2952 3482 togatarum

574 3488 743 3579 apud
788 3506 903 3553 nos
948 3489 1323 3567 posterioris
1369 3488 1511 3553 aevi
1558 3488 1770 3569 legum
1817 3489 2114 3555 omnium.

773 3597 857 3664 II.
934 3596 1246 3676 Quoniam
1314 3617 1484 3677 ver0,
1554 3598 1974 3679 multiplicato
2045 3598 2386 3664 admodum
2456 3600 2952 3679 confirmatoque

577 3690 805 3767 postea
848 3688 914 3751 in
960 3686 1242 3765 BoJemia
1306 3686 1656 3752 Czechicae
1715 3687 1924 3766 gentis
1969 3687 2224 3769 popule,
2285 3688 2644 3753 mitioribus
2708 3686 2951 3759 studiis,

578 3778 986 3839 mercaturae
1020 3780 1087 3839 et
1113 3773 1379 3854 opificiis
1411 3775 1545 3838 nati
1576 3774 1885 3854 homineS,
1925 3776 2410 3840 communicatis
2442 3776 2613 3840 inter
2657 3792 2728 3839 se
2760 3773 2948 3837 colla·

576 3863 782 3941 tisque
818 3862 1097 3927 consiliis
1135 3869 1202 3928 et
1232 3864 1464 3943 partim
1499 3862 1946 3928 commoditate
1975 3864 2099 3943 ipsi
2130 3882 2263 3941 sua,
2313 3866 2546 3942 partim
2593 3864 2949 3944 principum

574 3949 789 4029 gratia
866 3955 1060 4030 atque
1138 3949 1685 4016 cohortationibus
1759 3951 2046 4030 animati,
2127 3952 2207 4015 ad
2285 3952 2478 4017 urbes
2556 3950 2953 4015 condendum

574 4037 1005 4101 admovebant
1066 4055 1308 4117 manus,
1373 4039 1762 4118 tandemque
1824 4057 2086 4103 numero
2146 4056 2293 4120 spes
2356 4040 2726 4118 accedente,
2784 4039 2958 4103 inter

576 4124 821 4191 nobiles
880 4130 949 4187 et
1004 4133 1329 4205 agrestem
1376 4128 1633 4205 vulgum
1696 4127 1879 4205 quasi
1935 4127 2149 4205 medii,
2211 4126 2347 4189 sola
2395 4126 2718 4207 principis
2784 4125 2956 4190 nulla

574 4212 863 4293 aliorum,
912 4214 1182 4295 imperia
1204 4214 1382 4279 ferre
1407 4214 1663 4293 vellent,
1713 4222 1779 4278 ct
1811 4214 2234 4294 nihilominus,
2283 4214 2616 4279 formando
2640 4217 2705 4279 in
2729 4214 2956 4279 melius

572 4320 650 4393 ac
711 4299 1024 4366 firmando
1085 4302 1283 4366 statui
1345 4321 1479 4381 suo,
1546 4308 1724 4366 certa
1771 4304 1959 4382 aequi
2021 4311 2212 4383 atque
2273 4304 2468 4381 iniqui
2515 4304 2739 4385 regula
2797 4320 2958 4383 opus

773 4495 821 4561 ¹)
862 4492 1017 4546 Plato
1054 4493 1119 4545 de
1158 4496 1349 4561 repub.
1388 4494 1481 4547 lib.
1522 4498 1573 4551 3.
1653 4494 1698 4559 ἵ)
1742 4497 1968 4549 Cosmus
2009 4496 2207 4549 Chron.
2245 4496 2335 4549 lib.
2381 4503 2424 4553 1.
