3350 5050
541 486 629 549 82
1335 471 1399 529 V.
1441 472 1777 542 ophthalmii
1816 472 2130 530 Processus.

770 665 835 723 1a
869 665 976 725 ssas
1011 664 1228 725 nauta·
1263 668 1351 725 ost
1383 666 1677 733 tractatas.
1717 664 1775 723 ia
1810 679 1913 738 qao
1948 665 2288 725 eontinentur
2323 664 2456 724 liaeo
2492 666 2708 739 capita:

737 794 821 866 De
861 811 1053 881 poenis
1091 818 1147 865 et
1182 827 1364 866 eorum
1408 812 1703 881 attributi8‚
1743 816 1830 871 63.

735 929 816 983 De
852 928 1084 997 publicis
1122 929 1334 985 delictis
1372 928 1695 985 ordinariis:
1735 930 1819 983 De
1846 928 2067 983 crimine
2110 927 2291 982 laesae
2328 926 2659 997 Maiestatis,
2692 928 2783 987 67.
2834 928 2925 982 De

541 1020 823 1091 adulterio,
873 1028 1065 1090 stupro
1119 1029 1176 1076 et
1211 1029 1391 1091 raptu,
1429 1026 1516 1081 67.
1571 1021 1656 1075 De
1695 1020 1747 1075 vi
1785 1019 2023 1089 publica,
2061 1025 2149 1079 69.
2218 1020 2301 1073 De
2342 1020 2393 1073 vi
2428 1016 2671 1087 privata,
2698 1020 2787 1077 70.
2844 1018 2929 1073 In·

537 1116 718 1169 usuris
757 1123 812 1170 et
858 1117 1084 1177 crimine
1129 1119 1472 1187 partitorum,
1513 1120 1598 1177 70.
1667 1115 1751 1169 De
1786 1114 2093 1184 homicidio,
2132 1118 2220 1173 71.
2289 1114 2375 1167 De
2415 1110 2705 1167 violatione
2742 1113 2921 1182 sepul-

538 1207 810 1279 chrorum,
835 1213 924 1268 73.
972 1212 1058 1267 De
1093 1211 1313 1267 crimine
1350 1209 1492 1281 falsi,
1517 1213 1604 1269 73.
1655 1209 1741 1263 De
1776 1207 1997 1263 crimine
2034 1206 2392 1276 ambitura&
2434 1204 2515 1259 De
2556 1208 2920 1275 receptatione.

538 1307 593 1355 et
627 1301 988 1357 occultatione
1023 1302 1311 1373 latronum,
1350 1306 1436 1362 74.
1497 1302 1581 1356 De
1620 1318 1799 1371 poena
1838 1302 2145 1371 ebrietatis,
2173 1302 2259 1359 7⁴.

743 1418 828 1471 De
852 1416 1062 1473 delictis
1089 1418 1316 1487 privatis
1342 1418 1661 1474 ordinariis:
1690 1416 1773 1469 De
1798 1415 1965 1485 furto,
1982 1418 2069 1475 75.
2086 1414 2171 1470 De
2194 1416 2313 1485 loge
2334 1417 2555 1486 Aquilia
2580 1424 2637 1469 et
2659 1415 2919 1484 pauperie

537 1509 966 1581 quadrupedum,
1001 1515 1087 1569 76.
1141 1512 1224 1565 De
1259 1511 1547 1581 injuriis‚et
1581 1516 1715 1581 quot
1750 1506 1927 1563 modis
1962 1506 2118 1579 fiant,
2155 1513 2241 1567 77.

737 1627 822 1681 De
859 1626 1070 1682 delictis
1108 1628 1586 1683 extraordinariis:
1637 1624 1725 1682 De
1766 1628 1987 1683 crimine
2024 1626 2467 1697 repetundarum,
2493 1631 2578 1687 79.
2633 1627 2717 1681 De
2753 1642 2916 1715 pecu—

536 1718 667 1789 latu,
694 1725 780 1779 79.
835 1722 918 1775 De
943 1721 1223 1792 seditione,
1262 1726 1348 1780 79.
1401 1722 1488 1776 De
1512 1722 1884 1807 (τοιιειιιειείοιιᾨἲ
1922 1724 2007 1779 79.
2063 1721 2149 1775 De
2175 1721 2657 1790 praevaricatione,
2694 1724 2782 1779 80.
2832 1720 2913 1773 De

531 1810 864 1883 stellionatu,
900 1816 986 1872 80.
1043 1814 1126 1868 De
1162 1815 1434 1884 abigeam,
1469 1815 1555 1873 80.
1609 1814 1693 1870 De
1731 1810 1981 1867 inceuflia
2018 1818 2075 1866 et
2110 1812 2476 1882 incendiariis,
2514 1816 2601 1871 80.

1155 2190 1499 2278 INDEX
1559 2164 2287 2283 MATERIARUM

769 2354 966 2417 hoo
1021 2356 1546 2437 opusculo
1607 2358 2653 2435 comprehensarum.

2769 2445 2899 2514 Pag.

531 2539 834 2607 Abigeatus
870 2536 1072 2591 crimen
1111 2540 1166 2591 et
1201 2553 1380 2606 poena
1415 2538 1531 2593 eius
1594 2579 2763 2596 ..............
2838 2543 2908 2598 80

531 2631 754 2686 Absens
791 2631 1199 2701 contumaciter,
1237 2629 1505 2700 quomodo
1545 2632 1805 2699 puniatur
1862 2673 2762 2690 ...........
2846 2635 2907 2690 15

529 2724 747 2779 Absens
784 2724 869 2779 bis
907 2725 1106 2778 citatus
1146 2740 1248 2792 pro
1285 2722 1558 2778 audienda
1595 2725 1979 2794 appellatione,
2018 2726 2265 2794 privatur
2302 2727 2406 2781 sibi
2443 2727 2768 2782 adiudicatis

635 2819 694 2873 in
730 2834 799 2873 ea
879 2859 2761 2877 ......................
2838 2827 2907 2880 60

530 2913 702 2968 Actor
740 2913 861 2984 quis
973 2953 2760 2971 .....................
2871 2919 2905 2973 8

529 3007 700 3061 Actor
736 3008 986 3076 sequitur
1021 3005 1196 3060 forium
1233 3006 1311 3059 rei
1415 3048 1428 3061 .
1509 3045 1521 3058 .
1597 3047 1633 3068 .,
1685 3045 2761 3062 .............
2842 3009 2905 3066 12

530 3098 702 3154 Actor
739 3099 796 3153 in
833 3099 1029 3168 quibus
1067 3115 1176 3153 uon
1214 3099 1460 3168 sequitur
1495 3095 1672 3152 forum
1712 3097 1791 3150 rei
1862 3137 2764 3157 ...........
2838 3133 2906 3140 -

527 3193 732 3248 Actore
769 3209 878 3248 non
915 3194 1178 3261 probente
1213 3208 1338 3248 reus
1377 3192 1678 3246 absolvitur
1770 3233 2757 3250 ............
2834 3199 2900 3252 27

527 3287 744 3341 Actoris
781 3285 1018 3342 officium
1099 3323 1106 3330 ·
1142 3327 1155 3341 .
1187 3323 2759 3343 ...................
2868 3290 2903 3344 8

425 3383 433 3396 '
527 3379 822 3434 Accusatio
860 3379 990 3448 quid
1077 3421 1090 3435 .
1166 3422 1178 3434 .
1255 3420 1268 3433 .
1415 3419 2403 3435 .............
2448 3387 2491 3433 ’.
2568 3422 2580 3435 .
2658 3424 2668 3434 .
2744 3422 2757 3435 .
2832 3383 2902 3438 65

525 3471 794 3528 Advocati
829 3472 1087 3527 salarium
1127 3472 1272 3542 quod
1307 3471 1510 3526 licitum
1597 3512 2761 3530 ..............
2839 3476 2906 3531 18

524 3566 794 3621 Advocati
829 3564 1066 3620 officium
1104 3565 1159 3618 in
1193 3581 1301 3634 quo
1341 3562 1590 3618 consistit
1677 3605 2759 3621 .............
2842 3597 2883 3607 -

525 3657 862 3712 Adulterium
904 3657 1034 3727 quid
1069 3663 1125 3712 et
1161 3673 1302 3727 quae
1338 3658 1456 3712 sius
1493 3672 1671 3725 poena
1766 3699 2757 3714 ............
2831 3665 2899 3720 67
2932 3716 2937 3720 ,

525 3751 772 3806 Affectus
811 3751 1034 3820 punitur
1069 3752 1234 3806 etiam
1270 3767 1376 3807 non
1415 3757 1644 3820 sequuto
1684 3751 1876 3805 effectu
1951 3793 2755 3809 ..........
2832 3757 2902 3812 64

523 3844 769 3898 Affectus
805 3845 1071 3912 probatur
1105 3859 1174 3898 ex
1211 3842 1423 3898 iudiciis
1498 3885 2128 3902 ........
2186 3837 2191 3840 ’
2206 3887 2750 3902 .......
2830 3878 2893 3888 —

524 3935 822 3991 Affinitatis
861 3952 1062 4004 genera
1141 3977 2754 3996 ...................
2830 3943 2901 3999 39

523 4032 834 4098 Aggrcssor
868 4028 1011 4104 licite
1048 4031 1223 4086 occidi
1261 4039 1443 4100 potest
1497 4073 2756 4090 ...............
2832 4037 2892 4092 71

523 4123 729 4191 Agnati
765 4140 798 4178 a
835 4125 1080 4192 cognatis
1118 4123 1387 4194 quomodo
1426 4122 1681 4177 differant
1766 4165 2757 4184 ............
2830 4133 2896 4188 37

523 4216 795 4285 Allegatio
835 4233 941 4286 quo
978 4217 1166 4274 ordine
1203 4217 1302 4271 fiat
1405 4260 2580 4277 ..............
2634 4262 2667 4276 ..
2746 4263 2757 4275 .
2830 4223 2902 4279 55

523 4310 774 4365 Ambitus
812 4311 943 4380 quid
981 4317 1036 4365 ct
1070 4327 1209 4381 quae
1246 4312 1364 4364 eius
1401 4327 1579 4378 poena
1679 4354 2759 4370 .............
2834 4317 2901 4372 74

522 4402 794 4457 Anomala
825 4402 997 4458 tutela
1034 4403 1162 4474 qnid
1227 4444 2755 4462 ..................
2830 4409 2897 4465 47

524 4495 837 4564 Appellatio
876 4496 1008 4566 quid
1045 4505 1101 4552 et
1137 4500 1436 4568 quotuplex
1503 4541 2755 4557 ...............
2832 4505 2903 4560 59
