3350 5050
526 523 609 596 34
1318 521 1382 578 V.
1425 520 1761 591 Ophthalmii
1800 520 2110 576 processus

721 663 1276 730 Testamentorum
1291 660 1781 746 publicationeS,
1797 661 2087 740 quamvis
2104 659 2307 726 altero
2334 661 2439 726 die
2462 665 2609 742 post
2634 667 2906 727 mortem

533 753 880 828 testatoriS,
931 754 1225 834 exigente
1275 753 1366 815 sic
1399 750 1805 828 necessitate,
1860 751 1939 813 ad
1988 748 2295 814 heredum
2346 751 2725 830 petitionem
2771 749 2909 814 fieri
2983 789 2986 792 -

524 842 791 922 possint,
840 847 1055 906 tamen
1103 840 1185 904 de
1225 840 1372 920 jure
1413 843 1636 903 nostro
1685 838 1767 902 ad
1801 844 2076 918 quatuor
2106 839 2497 918 septimanas
2527 837 2908 919 plerumque

523 929 907 994 differuntur
950 919 1065 1010 (Ε.
1118 929 1178 994 1.
1226 925 1400 992 Dist.
1451 928 1510 990 6.
1510 917 1574 1006 ).

721 1017 788 1082 Si
835 1036 986 1098 pars
1019 1033 1396 1098 oppugnans
1441 1016 1612 1078 intra
1645 1012 1798 1076 XIV
1846 1013 1983 1078 dies
2031 1030 2259 1078 causas
2310 1013 2673 1078 infirmandi
2708 1020 2905 1079 testa-

524 1105 721 1170 menti
765 1107 830 1170 in
875 1105 1032 1182 foro,
1084 1104 1176 1169 uti
1222 1105 1517 1182 diximus,
1572 1119 1699 1165 non
1746 1101 2043 1180 ediderit,
2101 1119 2311 1180 neque
2368 1103 2659 1168 ordinem
2718 1121 2905 1168 sena-

524 1193 758 1258 torium
804 1192 886 1257 de
935 1194 1058 1258 alio
1107 1194 1378 1257 termino
1419 1191 1604 1269 juxta
1647 1207 2016 1270 processum
2069 1189 2233 1269 juris
2279 1192 2503 1270 nostri,
2552 1191 2669 1256 sub
2712 1190 2907 1254 litera

525 1285 602 1346 A.
654 1282 756 1346 54.
811 1281 891 1344 ad
939 1279 1256 1346 edendum
1313 1280 1520 1344 dictas
1568 1293 1797 1342 causas
1853 1277 2360 1358 compellaverit:
2418 1285 2571 1344 tunc
2621 1279 2727 1359 jus
2792 1299 2902 1360 op·

522 1369 851 1451 pugnandi
917 1369 1176 1446 amittit,
1246 1367 1438 1447 idque
1497 1366 1578 1431 ab
1649 1382 1725 1428 eo
1787 1370 2075 1446 tempore
2143 1366 2266 1429 vim
2332 1385 2513 1432 suam
2576 1385 2652 1432 ac
2706 1367 2907 1430 robur

520 1457 1054 1538 perfectissimum
1115 1457 1382 1521 assumit
1436 1445 1553 1532 (Ε.
1602 1455 1705 1518 45.
1706 1443 1770 1532 ).
1840 1453 1980 1518 Hoc
2050 1452 2123 1519 fit
2193 1454 2359 1534 ideo,
2431 1455 2581 1535 quia
2616 1453 2903 1519 multum

521 1549 795 1713 i(nterest
882 1543 1310 1712 reipubljcae,
1401 1542 1658 1607 ultimas
1735 1540 2098 1613 voluntates
2183 1543 2507 1607 hominum
2616 1542 2905 1624 expediri

561 1633 642 1700 Ε.
689 1635 792 1698 44.
845 1633 1021 1700 Πίεἰ.
1067 1635 1130 1699 4.

714 1721 815 1785 Ex
881 1721 1418 1803 praecedentibus
1485 1719 1685 1798 igitur
1756 1716 2175 1796 concluditur,
2247 1724 2705 1784 testamentum
2761 1719 2906 1798 jure

522 1809 916 1891 publicatum
976 1815 1125 1891 post
1169 1826 1281 1873 sex
1341 1806 1779 1874 hebdomadas
1825 1805 2262 1886 plenissimum
2308 1808 2510 1873 robur
2569 1808 2907 1886 acquirere

521 1887 642 1978 (D.
695 1899 801 1963 59.
851 1897 1019 1962 nist.
1069 1897 1133 1960 2.
1181 1895 1261 1961 Ε.
1307 1887 1474 1976 33).

717 2021 907 2080 Causa,
922 2019 1160 2073 efficiens
1191 2018 1650 2086 impugnationem
1679 2018 1989 2070 testamenti
2014 2025 2097 2070 est
2121 2019 2192 2086 is,
2216 2019 2305 2088 qui
2330 2019 2385 2072 id
2412 2018 2683 2073 annullari
2710 2019 2905 2073 studet.

720 2091 1030 2158 Subjectum
1081 2097 1208 2144 sunt
1245 2105 1443 2144 causae
1479 2088 1768 2157 legitimae,
1820 2105 1886 2141 ex
1924 2090 2119 2156 quibus
2157 2097 2537 2144 testamentum
2585 2091 2903 2145 infirmatur.

721 2162 1002 2230 Objectum
1041 2162 1294 2215 dicuntur
1330 2177 1412 2230 ea,
1452 2176 1591 2228 quae
1616 2176 1727 2214 non
1746 2159 1947 2214 ‚debito
1974 2160 2132 2215 modo
2157 2163 2213 2214 in
2240 2168 2580 2231 testamento,
2607 2163 2900 2216 secundum

524 2251 772 2304 aequum,
810 2242 937 2287 sunt
975 2234 1255 2300 disposita.

719 2307 921 2362 Forma
955 2313 1084 2360 sunt
1119 2305 1488 2372 solennitate8‚
1527 2303 1593 2356 de
1633 2303 1829 2372 quibus
1868 2303 2113 2359 diximus,

717 2379 886 2444 Finis,
923 2385 986 2432 ut
1021 2378 1278 2446 iniquitas
1317 2377 1597 2430 testatoris
1634 2376 1956 2443 corrigatur,
1986 2384 2082 2428 aut
2118 2393 2443 2444 oppugnans
2482 2377 2535 2430 in
2564 2393 2665 2430 sua
2691 2377 2905 2444 justitia

518 2457 882 2506 conservetur.

789 2654 916 2727 De
966 2650 1496 2725 exheredatione
1546 2666 1608 2724 et
1649 2650 2165 2749 praeteritione
2216 2650 2616 2722 liberorum.

1455 2808 1783 2875 Titulus
1830 2810 1969 2875 XX.

716 2943 1152 3009 Exheredatio
1224 2947 1323 3007 est
1365 2941 1716 3006 liberorum
1764 2958 1803 3005 a
1848 2941 2251 3006 successione
2297 2942 2575 3008 exclusio
2628 2937 2747 3025 (Ε.
2796 2948 2901 3009 49.

516 3032 692 3099 Diei.
726 3022 848 3113 1.).
897 3031 1176 3097 Cuilibet
1221 3028 1411 3109 enim,
1458 3031 1564 3110 qui
1597 3030 1887 3111 parentis
1932 3030 2071 3095 loco
2117 3029 2411 3111 habetur,
2459 3031 2733 3097 liberum
2783 3040 2903 3112 est,

524 3139 642 3201 pro
691 3138 809 3184 sua
859 3121 1183 3185 voluntate
1217 3119 1298 3183 de
1344 3118 1475 3182 suis
1507 3119 1688 3183 bonis
1737 3118 2096 3199 disponere,
2143 3120 2399 3185 sublata
2444 3120 2609 3185 omni
2642 3122 2907 3201 querela

514 3207 849 3273 inofficiosi
895 3209 1260 3274 testamenti
1307 3199 1424 3287 (E.
1473 3196 1638 3286 51).

712 3296 1046 3377 Ejusmodi
1102 3295 1519 3363 exheredatio
1579 3293 1688 3358 fit:
1752 3296 1882 3363 Aut
1937 3295 2167 3375 tacite,
2242 3302 2313 3361 ut
2368 3298 2621 3377 quando
2694 3304 2901 3363 mater

520 3383 622 3449 vel
667 3402 824 3450 avus
869 3392 1218 3464 maternus,
1265 3383 1429 3449 filios
1489 3382 1621 3446 sive
1669 3389 1941 3463 nepotes
2008 3382 2260 3450 silentio
2316 3392 2772 3467 praetereunt;
2837 3394 2905 3451 et

516 3473 680 3538 haec
725 3479 974 3539 tantum
1021 3475 1194 3553 facit,
1252 3478 1560 3553 quantum
1606 3473 1811 3551 patris
1859 3476 1926 3534 et
1973 3471 2074 3534 avi
2119 3476 2377 3552 paterni
2422 3492 2732 3555 expressa
2791 3496 2897 3539 ex—

515 3561 871 3627 heredati0.
918 3562 1047 3627 Aut
1091 3580 1418 3642 expresse,
1471 3560 1727 3639 quaudo
1774 3566 1963 3641 pater
2009 3559 2109 3623 vel
2168 3578 2325 3627 avus
2372 3571 2677 3644 paternus
2743 3563 2905 3629 filios

518 3650 618 3714 vel
665 3656 935 3730 nepotes
983 3668 1130 3715 suos
1198 3666 1504 3730 expresse
1571 3665 1608 3709 a
1657 3648 2063 3713 successione
2125 3650 2489 3716 excludunt.
2560 3651 2717 3718 Ideo
2767 3651 2907 3716 dico

535 3756 731 3818 „avus
780 3750 1088 3819 paternus
1135 3744 1201 3802 et
1246 3727 1494 3818 pater,“
1572 3738 1726 3814 quia
1770 3742 1982 3801 mater
2028 3741 2096 3799 et
2162 3754 2318 3803 avus
2385 3748 2716 3805 maternus
2784 3758 2907 3805 non

519 3825 763 3892 habent
795 3827 1264 3891 descendentes
1309 3827 1374 3890 in
1407 3838 1524 3889 sua
1555 3830 1920 3905 potestate3
1970 3842 2044 3887 ac
2075 3826 2346 3903 proinde
2392 3828 2457 3892 in
2488 3827 2567 3893 iis
2600 3846 2909 3909 expressa

517 3913 933 3979 exheredatio
1005 3933 1128 3980 non
1174 3913 1557 3995 requiritur;
1632 3930 1852 3978 verum
1922 3910 2157 3977 sufficit
2218 3916 2346 3981 illis
2408 3917 2729 3982 silentium
2790 3935 2903 3981 seu

515 4003 914 4081 praeteritio.

714 4089 932 4172 Pater,
983 4091 1036 4154 si
1085 4108 1272 4169 quem
1321 4107 1580 4153 suorum
1628 4089 1973 4155 liberorum
2017 4090 2151 4153 vult
2194 4089 2613 4173 exheredare,
2645 4100 2906 4160 tenetur

513 4182 906 4347 gelgtazento
977 4196 1105 4329 su}
1119 4196 1422 4347 )causam
1486 4177 1869 4258 legitimam,
1942 4196 2057 4242 cur
2122 4178 2190 4242 id
2250 4178 2470 4261 faciat,
2543 4184 2902 4263 exprimere

620 4318 632 4331 .
775 4316 790 4330 .
837 4266 1013 4331 Diet.
1108 4317 1121 4331 .
1171 4317 1184 4331 .
2530 4266 2543 4285 '

395 4370 406 4375 ·
711 4354 1056 4420 Hereditas
1078 4355 1297 4421 liberis
1323 4353 1596 4420 debetur
1618 4355 1825 4434 primo
1844 4353 1993 4434 jure
2014 4355 2262 4435 divino;
2295 4374 2568 4435 aequum
2586 4358 2751 4422 enim
2784 4364 2903 4436 est,

519 4442 688 4521 quod
734 4447 1044 4524 parentes
1113 4443 1452 4508 thesauros
1499 4442 1719 4507 liberis
1765 4443 2085 4525 colligant.
2149 4444 2326 4525 Ergo
2366 4445 2553 4523 juxta
2601 4444 2900 4510 Paulum:

515 4530 582 4595 Si
628 4529 813 4610 filius,
874 4540 974 4597 est
1020 4538 1088 4596 et
1131 4532 1341 4596 heres,
1404 4532 1650 4595 Deinde
1692 4530 1839 4610 jure
1887 4537 2179 4612 naturae,
2230 4534 2534 4599 canonico
2598 4539 2665 4599 et
2711 4534 2897 4601 civili.
