<?xml version="1.0" encoding="UTF-8"?>
<!DOCTYPE html PUBLIC "-//W3C//DTD XHTML 1.0 Transitional//EN"
    "http://www.w3.org/TR/xhtml1/DTD/xhtml1-transitional.dtd">
<html xmlns="http://www.w3.org/1999/xhtml" xml:lang="en" lang="en">
 <head>
  <title>
</title>
<meta http-equiv="Content-Type" content="text/html;charset=utf-8" />
  <meta name='ocr-system' content='tesseract 3.04.00' />
  <meta name='ocr-capabilities' content='ocr_page ocr_carea ocr_par ocr_line ocrx_word'/>
</head>
<body>
  <div class='ocr_page' id='page_1' title='image "./spisyprvnickopr00repugoog_0065.png"; bbox 0 0 3350 5050; ppageno 0'>
   <div class='ocr_carea' id='block_1_1' title="bbox 1292 527 2829 604">
    <p class='ocr_par' dir='ltr' id='par_1_1' title="bbox 1292 527 2829 604">
     <span class='ocr_line' id='line_1_1' title="bbox 1292 527 2829 604; baseline 0.007 -23"><span class='ocrx_word' id='word_1_1' title='bbox 1292 528 1400 583; x_wconf 79' lang='lat' dir='ltr'>Tit.</span> <span class='ocrx_word' id='word_1_2' title='bbox 1433 527 1635 583; x_wconf 86' lang='lat' dir='ltr'>XXVI.</span> <span class='ocrx_word' id='word_1_3' title='bbox 1677 537 1732 582; x_wconf 88' lang='lat' dir='ltr'>et</span> <span class='ocrx_word' id='word_1_4' title='bbox 1768 529 1996 584; x_wconf 78' lang='lat' dir='ltr'>XXVII.</span> <span class='ocrx_word' id='word_1_5' title='bbox 2748 536 2829 604; x_wconf 81' lang='grc'>53</span> 
     </span>
    </p>
   </div>
   <div class='ocr_carea' id='block_1_2' title="bbox 373 663 2841 2076">
    <p class='ocr_par' dir='ltr' id='par_1_2' title="bbox 373 663 2841 2076">
     <span class='ocr_line' id='line_1_2' title="bbox 458 663 2827 754; baseline 0 -16"><span class='ocrx_word' id='word_1_6' title='bbox 458 692 579 752; x_wconf 89' lang='lat' dir='ltr'>me,</span> <span class='ocrx_word' id='word_1_7' title='bbox 611 671 792 736; x_wconf 83' lang='lat' dir='ltr'>salva</span> <span class='ocrx_word' id='word_1_8' title='bbox 835 690 986 736; x_wconf 82' lang='lat' dir='ltr'>arce</span> <span class='ocrx_word' id='word_1_9' title='bbox 1019 672 1324 751; x_wconf 79' lang='lat' dir='ltr'>urbeque,</span> <span class='ocrx_word' id='word_1_10' title='bbox 1358 667 1540 735; x_wconf 91' lang='lat' dir='ltr'>bonis</span> <span class='ocrx_word' id='word_1_11' title='bbox 1572 667 1704 734; x_wconf 89' lang='lat' dir='ltr'>suis</span> <span class='ocrx_word' id='word_1_12' title='bbox 1736 668 1971 750; x_wconf 88' lang='lat' dir='ltr'>ejiciat,</span> <span class='ocrx_word' id='word_1_13' title='bbox 2020 675 2093 735; x_wconf 89' lang='lat' dir='ltr'>ut</span> <span class='ocrx_word' id='word_1_14' title='bbox 2121 690 2239 752; x_wconf 89' lang='lat' dir='ltr'>ego</span> <span class='ocrx_word' id='word_1_15' title='bbox 2295 672 2460 737; x_wconf 90' lang='lat' dir='ltr'>hunc</span> <span class='ocrx_word' id='word_1_16' title='bbox 2490 663 2827 754; x_wconf 86' lang='lat' dir='ltr'>lapidem.“</span> 
     </span>
     <span class='ocr_line' id='line_1_3' title="bbox 456 757 2833 840; baseline 0 -14"><span class='ocrx_word' id='word_1_17' title='bbox 456 763 657 840; x_wconf 85' lang='lat' dir='ltr'>Quam</span> <span class='ocrx_word' id='word_1_18' title='bbox 718 765 932 824; x_wconf 86' lang='lat' dir='ltr'>autem</span> <span class='ocrx_word' id='word_1_19' title='bbox 981 760 1064 823; x_wconf 90' lang='lat' dir='ltr'>sit</span> <span class='ocrx_word' id='word_1_20' title='bbox 1123 758 1550 840; x_wconf 87' lang='lat' dir='ltr'>periculosum</span> <span class='ocrx_word' id='word_1_21' title='bbox 1605 757 2044 838; x_wconf 85' lang='lat' dir='ltr'>juramentum</span> <span class='ocrx_word' id='word_1_22' title='bbox 2091 757 2343 824; x_wconf 82' lang='lat' dir='ltr'>deferre</span> <span class='ocrx_word' id='word_1_23' title='bbox 2391 765 2505 824; x_wconf 87' lang='lat' dir='ltr'>aut</span> <span class='ocrx_word' id='word_1_24' title='bbox 2565 761 2833 839; x_wconf 89' lang='lat' dir='ltr'>referre,</span> 
     </span>
     <span class='ocr_line' id='line_1_4' title="bbox 457 844 2835 930; baseline 0 -15"><span class='ocrx_word' id='word_1_25' title='bbox 457 849 738 916; x_wconf 83' lang='lat' dir='ltr'>ostendit</span> <span class='ocrx_word' id='word_1_26' title='bbox 776 847 1196 928; x_wconf 85' lang='lat' dir='ltr'><strong>Augustinus:</strong></span> <span class='ocrx_word' id='word_1_27' title='bbox 1243 846 1404 928; x_wconf 83' lang='lat' dir='ltr'>„Qui</span> <span class='ocrx_word' id='word_1_28' title='bbox 1446 844 1787 925; x_wconf 88' lang='lat' dir='ltr'>hominem,</span> <span class='ocrx_word' id='word_1_29' title='bbox 1820 847 2136 926; x_wconf 79' lang='lat' dir='ltr'>inquiens„</span> <span class='ocrx_word' id='word_1_30' title='bbox 2183 848 2265 913; x_wconf 89' lang='lat' dir='ltr'>ad</span> <span class='ocrx_word' id='word_1_31' title='bbox 2300 847 2649 927; x_wconf 82' lang='lat' dir='ltr'>jurandum</span> <span class='ocrx_word' id='word_1_32' title='bbox 2686 867 2835 930; x_wconf 89' lang='lat' dir='ltr'>pro-</span> 
     </span>
     <span class='ocr_line' id='line_1_5' title="bbox 373 933 2836 1018; baseline 0 -16"><span class='ocrx_word' id='word_1_33' title='bbox 373 933 400 942; x_wconf 56' lang='lat'><strong>*</strong></span> <span class='ocrx_word' id='word_1_34' title='bbox 457 944 661 1018; x_wconf 85' lang='lat' dir='ltr'>vocat,</span> <span class='ocrx_word' id='word_1_35' title='bbox 687 940 754 1000; x_wconf 91' lang='lat' dir='ltr'>et</span> <span class='ocrx_word' id='word_1_36' title='bbox 775 936 894 1000; x_wconf 91' lang='lat' dir='ltr'>scit</span> <span class='ocrx_word' id='word_1_37' title='bbox 918 953 1062 999; x_wconf 90' lang='lat' dir='ltr'>eum</span> <span class='ocrx_word' id='word_1_38' title='bbox 1091 934 1318 1000; x_wconf 85' lang='lat' dir='ltr'>falsum</span> <span class='ocrx_word' id='word_1_39' title='bbox 1339 934 1727 1014; x_wconf 82' lang='lat' dir='ltr'>jnraturum,</span> <span class='ocrx_word' id='word_1_40' title='bbox 1756 935 1810 998; x_wconf 91' lang='lat' dir='ltr'>is</span> <span class='ocrx_word' id='word_1_41' title='bbox 1836 934 2031 998; x_wconf 89' lang='lat' dir='ltr'>vincit</span> <span class='ocrx_word' id='word_1_42' title='bbox 2058 935 2464 1002; x_wconf 82' lang='lat' dir='ltr'><strong>homicidam.</strong></span> <span class='ocrx_word' id='word_1_43' title='bbox 2498 937 2836 1004; x_wconf 83' lang='lat' dir='ltr'>Homicida</span> 
     </span>
     <span class='ocr_line' id='line_1_6' title="bbox 457 1022 2832 1104; baseline 0.001 -13"><span class='ocrx_word' id='word_1_44' title='bbox 457 1025 626 1092; x_wconf 91' lang='lat' dir='ltr'>enim</span> <span class='ocrx_word' id='word_1_45' title='bbox 675 1041 906 1104; x_wconf 88' lang='lat' dir='ltr'>corpus</span> <span class='ocrx_word' id='word_1_46' title='bbox 951 1025 1282 1088; x_wconf 87' lang='lat' dir='ltr'>occisurus</span> <span class='ocrx_word' id='word_1_47' title='bbox 1327 1025 1446 1102; x_wconf 87' lang='lat' dir='ltr'>est,</span> <span class='ocrx_word' id='word_1_48' title='bbox 1493 1022 1602 1088; x_wconf 89' lang='lat' dir='ltr'>ille</span> <span class='ocrx_word' id='word_1_49' title='bbox 1634 1039 1787 1087; x_wconf 87' lang='lat' dir='ltr'>vero</span> <span class='ocrx_word' id='word_1_50' title='bbox 1836 1023 2133 1087; x_wconf 83' lang='lat' dir='ltr'>animam.</span> <span class='ocrx_word' id='word_1_51' title='bbox 2183 1024 2317 1089; x_wconf 89' lang='lat' dir='ltr'>Imo</span> <span class='ocrx_word' id='word_1_52' title='bbox 2366 1026 2525 1089; x_wconf 88' lang='lat' dir='ltr'>duas</span> <span class='ocrx_word' id='word_1_53' title='bbox 2558 1025 2832 1093; x_wconf 83' lang='lat' dir='ltr'>animas:</span> 
     </span>
     <span class='ocr_line' id='line_1_7' title="bbox 456 1109 2834 1194; baseline 0 -14"><span class='ocrx_word' id='word_1_54' title='bbox 456 1121 524 1180; x_wconf 90' lang='lat' dir='ltr'>et</span> <span class='ocrx_word' id='word_1_55' title='bbox 567 1113 709 1192; x_wconf 90' lang='lat' dir='ltr'>ejus</span> <span class='ocrx_word' id='word_1_56' title='bbox 756 1112 1053 1190; x_wconf 88' lang='lat' dir='ltr'>animam,</span> <span class='ocrx_word' id='word_1_57' title='bbox 1103 1129 1289 1189; x_wconf 90' lang='lat' dir='ltr'>quem</span> <span class='ocrx_word' id='word_1_58' title='bbox 1337 1109 1419 1174; x_wconf 84' lang='lat' dir='ltr'>ad</span> <span class='ocrx_word' id='word_1_59' title='bbox 1460 1109 1805 1189; x_wconf 84' lang='lat' dir='ltr'>jurandum</span> <span class='ocrx_word' id='word_1_60' title='bbox 1853 1113 2247 1194; x_wconf 83' lang='lat' dir='ltr'>provocavit,</span> <span class='ocrx_word' id='word_1_61' title='bbox 2309 1118 2377 1177; x_wconf 86' lang='lat' dir='ltr'>et</span> <span class='ocrx_word' id='word_1_62' title='bbox 2421 1131 2621 1179; x_wconf 88' lang='lat' dir='ltr'>suam.</span> <span class='ocrx_word' id='word_1_63' title='bbox 2692 1115 2834 1182; x_wconf 87' lang='lat' dir='ltr'>Scis</span> 
     </span>
     <span class='ocr_line' id='line_1_8' title="bbox 457 1197 2835 1280; baseline 0.002 -16"><span class='ocrx_word' id='word_1_64' title='bbox 457 1221 677 1267; x_wconf 89' lang='lat' dir='ltr'>verum</span> <span class='ocrx_word' id='word_1_65' title='bbox 724 1218 886 1280; x_wconf 89' lang='lat' dir='ltr'>esse,</span> <span class='ocrx_word' id='word_1_66' title='bbox 937 1200 1104 1279; x_wconf 84' lang='lat' dir='ltr'>quod</span> <span class='ocrx_word' id='word_1_67' title='bbox 1151 1203 1222 1263; x_wconf 90' lang='lat' dir='ltr'>tu</span> <span class='ocrx_word' id='word_1_68' title='bbox 1271 1198 1447 1276; x_wconf 83' lang='lat' dir='ltr'>diciS,</span> <span class='ocrx_word' id='word_1_69' title='bbox 1494 1203 1562 1262; x_wconf 85' lang='lat' dir='ltr'>et</span> <span class='ocrx_word' id='word_1_70' title='bbox 1605 1197 1852 1278; x_wconf 85' lang='lat' dir='ltr'>salsum,</span> <span class='ocrx_word' id='word_1_71' title='bbox 1902 1198 2071 1277; x_wconf 90' lang='lat' dir='ltr'>quod</span> <span class='ocrx_word' id='word_1_72' title='bbox 2117 1198 2223 1266; x_wconf 91' lang='lat' dir='ltr'>ille</span> <span class='ocrx_word' id='word_1_73' title='bbox 2270 1201 2444 1280; x_wconf 88' lang='lat' dir='ltr'>dicit,</span> <span class='ocrx_word' id='word_1_74' title='bbox 2506 1206 2574 1265; x_wconf 91' lang='lat' dir='ltr'>et</span> <span class='ocrx_word' id='word_1_75' title='bbox 2618 1205 2835 1269; x_wconf 82' lang='lat' dir='ltr'>tamen</span> 
     </span>
     <span class='ocr_line' id='line_1_9' title="bbox 448 1284 2830 1372; baseline 0.001 -19"><span class='ocrx_word' id='word_1_76' title='bbox 448 1289 677 1370; x_wconf 84' lang='lat' dir='ltr'>jurare</span> <span class='ocrx_word' id='word_1_77' title='bbox 725 1286 1082 1370; x_wconf 84' lang='lat' dir='ltr'>compellis!</span> <span class='ocrx_word' id='word_1_78' title='bbox 1131 1287 1302 1352; x_wconf 91' lang='lat' dir='ltr'>Ecce</span> <span class='ocrx_word' id='word_1_79' title='bbox 1341 1284 1538 1365; x_wconf 83' lang='lat' dir='ltr'>jurat,</span> <span class='ocrx_word' id='word_1_80' title='bbox 1588 1303 1740 1352; x_wconf 87' lang='lat' dir='ltr'>ecce</span> <span class='ocrx_word' id='word_1_81' title='bbox 1773 1284 2097 1368; x_wconf 86' lang='lat' dir='ltr'>perjurat!</span> <span class='ocrx_word' id='word_1_82' title='bbox 2150 1288 2248 1352; x_wconf 91' lang='lat' dir='ltr'>Tu</span> <span class='ocrx_word' id='word_1_83' title='bbox 2281 1288 2535 1370; x_wconf 88' lang='lat' dir='ltr'>quidem</span> <span class='ocrx_word' id='word_1_84' title='bbox 2574 1289 2830 1372; x_wconf 87' lang='lat' dir='ltr'>jurasti,</span> 
     </span>
     <span class='ocr_line' id='line_1_10' title="bbox 455 1367 2550 1458; baseline -0.002 -15"><span class='ocrx_word' id='word_1_85' title='bbox 455 1380 582 1444; x_wconf 89' lang='lat' dir='ltr'>imo</span> <span class='ocrx_word' id='word_1_86' title='bbox 629 1383 698 1442; x_wconf 90' lang='lat' dir='ltr'>et</span> <span class='ocrx_word' id='word_1_87' title='bbox 741 1381 812 1440; x_wconf 90' lang='lat' dir='ltr'>tu</span> <span class='ocrx_word' id='word_1_88' title='bbox 857 1376 1125 1458; x_wconf 88' lang='lat' dir='ltr'>periisti,</span> <span class='ocrx_word' id='word_1_89' title='bbox 1176 1374 1324 1456; x_wconf 87' lang='lat' dir='ltr'>quia</span> <span class='ocrx_word' id='word_1_90' title='bbox 1371 1374 1452 1438; x_wconf 94' lang='lat' dir='ltr'>de</span> <span class='ocrx_word' id='word_1_91' title='bbox 1501 1377 1705 1439; x_wconf 91' lang='lat' dir='ltr'>morte</span> <span class='ocrx_word' id='word_1_92' title='bbox 1751 1374 1919 1439; x_wconf 88' lang='lat' dir='ltr'>illius</span> <span class='ocrx_word' id='word_1_93' title='bbox 1966 1375 2190 1441; x_wconf 84' lang='lat' dir='ltr'>satiari</span> <span class='ocrx_word' id='word_1_94' title='bbox 2241 1367 2550 1442; x_wconf 83' lang='lat' dir='ltr'>voluisti.“</span> 
     </span>
     <span class='ocr_line' id='line_1_11' title="bbox 653 1460 2838 1547; baseline 0.001 -19"><span class='ocrx_word' id='word_1_95' title='bbox 653 1465 1003 1528; x_wconf 84' lang='lat' dir='ltr'>Juraturus</span> <span class='ocrx_word' id='word_1_96' title='bbox 1051 1463 1279 1543; x_wconf 83' lang='lat' dir='ltr'>aliquis</span> <span class='ocrx_word' id='word_1_97' title='bbox 1311 1481 1389 1528; x_wconf 84' lang='lat' dir='ltr'>ex</span> <span class='ocrx_word' id='word_1_98' title='bbox 1437 1463 1759 1527; x_wconf 87' lang='lat' dir='ltr'>sententia</span> <span class='ocrx_word' id='word_1_99' title='bbox 1797 1460 2053 1542; x_wconf 54' lang='lat' dir='ltr'>judicis</span> <span class='ocrx_word' id='word_1_100' title='bbox 2105 1465 2185 1528; x_wconf 90' lang='lat' dir='ltr'>de</span> <span class='ocrx_word' id='word_1_101' title='bbox 2214 1463 2375 1530; x_wconf 87' lang='lat' dir='ltr'>Jure</span> <span class='ocrx_word' id='word_1_102' title='bbox 2406 1469 2625 1531; x_wconf 88' lang='lat' dir='ltr'>nostro</span> <span class='ocrx_word' id='word_1_103' title='bbox 2656 1467 2838 1547; x_wconf 89' lang='lat' dir='ltr'>prius</span> 
     </span>
     <span class='ocr_line' id='line_1_12' title="bbox 456 1549 2834 1635; baseline 0 -17"><span class='ocrx_word' id='word_1_104' title='bbox 456 1555 891 1635; x_wconf 77' lang='lat' dir='ltr'>Juramentum</span> <span class='ocrx_word' id='word_1_105' title='bbox 939 1549 1136 1629; x_wconf 83' lang='lat' dir='ltr'>audit,</span> <span class='ocrx_word' id='word_1_106' title='bbox 1187 1554 1647 1632; x_wconf 87' lang='lat' dir='ltr'>praemonetur</span> <span class='ocrx_word' id='word_1_107' title='bbox 1695 1550 2141 1632; x_wconf 86' lang='lat' dir='ltr'>conscientiae,</span> <span class='ocrx_word' id='word_1_108' title='bbox 2187 1552 2656 1634; x_wconf 84' lang='lat' dir='ltr'><strong>terminumque</strong></span> <span class='ocrx_word' id='word_1_109' title='bbox 2716 1573 2834 1635; x_wconf 89' lang='lat' dir='ltr'>pro</span> 
     </span>
     <span class='ocr_line' id='line_1_13' title="bbox 459 1637 2839 1723; baseline 0 -15"><span class='ocrx_word' id='word_1_110' title='bbox 459 1641 635 1708; x_wconf 89' lang='lat' dir='ltr'>fideli</span> <span class='ocrx_word' id='word_1_111' title='bbox 702 1645 774 1705; x_wconf 93' lang='lat' dir='ltr'>et</span> <span class='ocrx_word' id='word_1_112' title='bbox 845 1638 1132 1720; x_wconf 83' lang='lat' dir='ltr'>diligenti</span> <span class='ocrx_word' id='word_1_113' title='bbox 1198 1637 1659 1704; x_wconf 86' lang='lat' dir='ltr'>deliberatione</span> <span class='ocrx_word' id='word_1_114' title='bbox 1726 1642 1971 1703; x_wconf 88' lang='lat' dir='ltr'>certum</span> <span class='ocrx_word' id='word_1_115' title='bbox 2051 1640 2263 1707; x_wconf 84' lang='lat' dir='ltr'>habet.</span> <span class='ocrx_word' id='word_1_116' title='bbox 2346 1641 2482 1706; x_wconf 89' lang='lat' dir='ltr'>Imo</span> <span class='ocrx_word' id='word_1_117' title='bbox 2550 1646 2619 1706; x_wconf 87' lang='lat' dir='ltr'>et</span> <span class='ocrx_word' id='word_1_118' title='bbox 2684 1660 2839 1723; x_wconf 87' lang='lat' dir='ltr'>pars</span> 
     </span>
     <span class='ocr_line' id='line_1_14' title="bbox 457 1725 2838 1809; baseline 0.001 -15"><span class='ocrx_word' id='word_1_119' title='bbox 457 1732 682 1808; x_wconf 86' lang='lat' dir='ltr'>altera,</span> <span class='ocrx_word' id='word_1_120' title='bbox 761 1733 852 1808; x_wconf 91' lang='lat' dir='ltr'>ut,</span> <span class='ocrx_word' id='word_1_121' title='bbox 922 1728 976 1792; x_wconf 90' lang='lat' dir='ltr'>si</span> <span class='ocrx_word' id='word_1_122' title='bbox 1033 1745 1158 1792; x_wconf 91' lang='lat' dir='ltr'>non</span> <span class='ocrx_word' id='word_1_123' title='bbox 1224 1725 1387 1792; x_wconf 87' lang='lat' dir='ltr'>adeo</span> <span class='ocrx_word' id='word_1_124' title='bbox 1456 1726 1719 1790; x_wconf 87' lang='lat' dir='ltr'>multum</span> <span class='ocrx_word' id='word_1_125' title='bbox 1789 1726 2045 1792; x_wconf 85' lang='lat' dir='ltr'>intersit</span> <span class='ocrx_word' id='word_1_126' title='bbox 2111 1728 2279 1793; x_wconf 88' lang='lat' dir='ltr'>illius</span> <span class='ocrx_word' id='word_1_127' title='bbox 2345 1727 2413 1793; x_wconf 90' lang='lat' dir='ltr'>in</span> <span class='ocrx_word' id='word_1_128' title='bbox 2472 1728 2838 1809; x_wconf 84' lang='lat' dir='ltr'>juramento</span> 
     </span>
     <span class='ocr_line' id='line_1_15' title="bbox 465 1809 2681 1900; baseline 0 -18"><span class='ocrx_word' id='word_1_129' title='bbox 465 1815 878 1900; x_wconf 81' lang='lat' dir='ltr'>praestandO,</span> <span class='ocrx_word' id='word_1_130' title='bbox 929 1835 967 1880; x_wconf 87' lang='lat' dir='ltr'>a</span> <span class='ocrx_word' id='word_1_131' title='bbox 1014 1833 1128 1880; x_wconf 89' lang='lat' dir='ltr'>suo</span> <span class='ocrx_word' id='word_1_132' title='bbox 1177 1819 1404 1895; x_wconf 87' lang='lat' dir='ltr'>coepto</span> <span class='ocrx_word' id='word_1_133' title='bbox 1451 1813 1741 1893; x_wconf 81' lang='lat' dir='ltr'>desistat,</span> <span class='ocrx_word' id='word_1_134' title='bbox 1790 1818 2090 1880; x_wconf 88' lang='lat' dir='ltr'>monetur</span> <span class='ocrx_word' id='word_1_135' title='bbox 2134 1810 2223 1894; x_wconf 95' lang='grc' dir='ltr'>(Ι.</span> <span class='ocrx_word' id='word_1_136' title='bbox 2272 1815 2383 1898; x_wconf 86' lang='grc'>33,</span> <span class='ocrx_word' id='word_1_137' title='bbox 2432 1816 2485 1884; x_wconf 93' lang='grc' dir='ltr'>Ι.</span> <span class='ocrx_word' id='word_1_138' title='bbox 2532 1809 2681 1899; x_wconf 86' lang='grc'><em>35.)</em></span> 
     </span>
     <span class='ocr_line' id='line_1_16' title="bbox 656 1898 2841 1987; baseline 0 -17"><span class='ocrx_word' id='word_1_139' title='bbox 656 1905 955 1970; x_wconf 85' lang='lat' dir='ltr'><strong>Omnium</strong></span> <span class='ocrx_word' id='word_1_140' title='bbox 1005 1903 1228 1980; x_wconf 90' lang='lat' dir='ltr'>litium,</span> <span class='ocrx_word' id='word_1_141' title='bbox 1256 1907 1445 1974; x_wconf 65' lang='lat' dir='ltr'>,teste</span> <span class='ocrx_word' id='word_1_142' title='bbox 1493 1901 1715 1979; x_wconf 87' lang='lat' dir='ltr'>Paulo,</span> <span class='ocrx_word' id='word_1_143' title='bbox 1764 1901 1908 1966; x_wconf 89' lang='lat' dir='ltr'>finis</span> <span class='ocrx_word' id='word_1_144' title='bbox 1954 1907 2053 1968; x_wconf 89' lang='lat' dir='ltr'>est</span> <span class='ocrx_word' id='word_1_145' title='bbox 2090 1903 2518 1982; x_wconf 87' lang='lat' dir='ltr'>juramentum</span> <span class='ocrx_word' id='word_1_146' title='bbox 2568 1899 2661 1984; x_wconf 90' lang='lat' dir='ltr'>(J.</span> <span class='ocrx_word' id='word_1_147' title='bbox 2692 1898 2841 1987; x_wconf 83' lang='lat'>31.)</span> 
     </span>
     <span class='ocr_line' id='line_1_17' title="bbox 457 1986 2839 2076; baseline 0 -18"><span class='ocrx_word' id='word_1_148' title='bbox 457 1993 684 2058; x_wconf 91' lang='lat' dir='ltr'>Nullus</span> <span class='ocrx_word' id='word_1_149' title='bbox 707 1994 928 2071; x_wconf 85' lang='lat' dir='ltr'>itaque</span> <span class='ocrx_word' id='word_1_150' title='bbox 954 1991 1155 2055; x_wconf 89' lang='lat' dir='ltr'>debet</span> <span class='ocrx_word' id='word_1_151' title='bbox 1180 1991 1257 2056; x_wconf 92' lang='lat' dir='ltr'>ob</span> <span class='ocrx_word' id='word_1_152' title='bbox 1283 1992 1661 2071; x_wconf 86' lang='lat' dir='ltr'>praestitum</span> <span class='ocrx_word' id='word_1_153' title='bbox 1683 1989 2119 2073; x_wconf 76' lang='lat' dir='ltr'>juramentum</span> <span class='ocrx_word' id='word_1_154' title='bbox 2138 1991 2373 2072; x_wconf 86' lang='lat' dir='ltr'>injuria</span> <span class='ocrx_word' id='word_1_155' title='bbox 2389 1992 2557 2057; x_wconf 84' lang='lat' dir='ltr'>affici</span> <span class='ocrx_word' id='word_1_156' title='bbox 2584 1986 2674 2071; x_wconf 93' lang='lat' dir='ltr'>(I.</span> <span class='ocrx_word' id='word_1_157' title='bbox 2691 1987 2839 2076; x_wconf 87' lang='grc'><em>38.)</em></span> 
     </span>
    </p>
   </div>
   <div class='ocr_carea' id='block_1_3' title="bbox 449 2091 2841 2593">
    <p class='ocr_par' dir='ltr' id='par_1_3' title="bbox 449 2091 2841 2593">
     <span class='ocr_line' id='line_1_18' title="bbox 650 2091 2841 2166; baseline 0.001 -19"><span class='ocrx_word' id='word_1_158' title='bbox 650 2095 831 2147; x_wconf 82' lang='lat' dir='ltr'>Causa</span> <span class='ocrx_word' id='word_1_159' title='bbox 881 2091 1121 2145; x_wconf 81' lang='lat' dir='ltr'>efficiens</span> <span class='ocrx_word' id='word_1_160' title='bbox 1174 2092 1314 2145; x_wconf 84' lang='lat' dir='ltr'>hanc</span> <span class='ocrx_word' id='word_1_161' title='bbox 1372 2092 1744 2160; x_wconf 85' lang='lat' dir='ltr'>probat-ionem</span> <span class='ocrx_word' id='word_1_162' title='bbox 1796 2098 1879 2146; x_wconf 85' lang='lat' dir='ltr'>cst</span> <span class='ocrx_word' id='word_1_163' title='bbox 1928 2091 2117 2162; x_wconf 88' lang='lat' dir='ltr'>judex,</span> <span class='ocrx_word' id='word_1_164' title='bbox 2169 2093 2415 2148; x_wconf 85' lang='lat' dir='ltr'>deferens</span> <span class='ocrx_word' id='word_1_165' title='bbox 2454 2095 2841 2166; x_wconf 83' lang='lat' dir='ltr'>juramentum,</span> 
     </span>
     <span class='ocr_line' id='line_1_19' title="bbox 450 2167 741 2221; baseline -0.007 0"><span class='ocrx_word' id='word_1_166' title='bbox 450 2177 504 2221; x_wconf 85' lang='lat' dir='ltr'>et</span> <span class='ocrx_word' id='word_1_167' title='bbox 542 2167 741 2220; x_wconf 62' lang='lat' dir='ltr'>&#39;arans</span> 
     </span>
     <span class='ocr_line' id='line_1_20' title="bbox 529 2184 1332 2303; baseline -0.004 -12"><span class='ocrx_word' id='word_1_168' title='bbox 529 2184 553 2235; x_wconf 65' lang='lat' dir='ltr'>J</span> <span class='ocrx_word' id='word_1_169' title='bbox 649 2235 959 2303; x_wconf 85' lang='lat' dir='ltr'>Subjectum</span> <span class='ocrx_word' id='word_1_170' title='bbox 998 2243 1082 2288; x_wconf 87' lang='lat' dir='ltr'>est</span> <span class='ocrx_word' id='word_1_171' title='bbox 1117 2235 1332 2288; x_wconf 71' lang='lat' dir='ltr'>veritae.</span> 
     </span>
     <span class='ocr_line' id='line_1_21' title="bbox 660 2304 2836 2377; baseline 0.003 -17"><span class='ocrx_word' id='word_1_172' title='bbox 660 2307 940 2374; x_wconf 79' lang='lat' dir='ltr'>ObJectum</span> <span class='ocrx_word' id='word_1_173' title='bbox 969 2314 1053 2360; x_wconf 86' lang='lat' dir='ltr'>cst</span> <span class='ocrx_word' id='word_1_174' title='bbox 1091 2307 1162 2374; x_wconf 93' lang='lat' dir='ltr'>id,</span> <span class='ocrx_word' id='word_1_175' title='bbox 1201 2305 1344 2373; x_wconf 88' lang='lat' dir='ltr'>quod</span> <span class='ocrx_word' id='word_1_176' title='bbox 1390 2304 1442 2357; x_wconf 90' lang='lat' dir='ltr'>in</span> <span class='ocrx_word' id='word_1_177' title='bbox 1470 2304 1733 2372; x_wconf 88' lang='lat' dir='ltr'>judicium</span> <span class='ocrx_word' id='word_1_178' title='bbox 1762 2305 2053 2361; x_wconf 86' lang='lat' dir='ltr'>deductum</span> <span class='ocrx_word' id='word_1_179' title='bbox 2080 2308 2237 2362; x_wconf 82' lang='lat' dir='ltr'>aliter</span> <span class='ocrx_word' id='word_1_180' title='bbox 2256 2325 2365 2364; x_wconf 90' lang='lat' dir='ltr'>non</span> <span class='ocrx_word' id='word_1_181' title='bbox 2393 2316 2575 2376; x_wconf 88' lang='lat' dir='ltr'>potest</span> <span class='ocrx_word' id='word_1_182' title='bbox 2600 2311 2836 2377; x_wconf 82' lang='lat' dir='ltr'>probari.</span> 
     </span>
     <span class='ocr_line' id='line_1_22' title="bbox 655 2375 2839 2449; baseline 0.002 -17"><span class='ocrx_word' id='word_1_183' title='bbox 655 2380 854 2434; x_wconf 85' lang='lat' dir='ltr'>Forma</span> <span class='ocrx_word' id='word_1_184' title='bbox 893 2385 991 2447; x_wconf 80' lang='lat' dir='ltr'>est,</span> <span class='ocrx_word' id='word_1_185' title='bbox 1031 2377 1248 2446; x_wconf 85' lang='lat' dir='ltr'>quando</span> <span class='ocrx_word' id='word_1_186' title='bbox 1289 2377 1582 2430; x_wconf 79' lang='lat' dir='ltr'>secundum</span> <span class='ocrx_word' id='word_1_187' title='bbox 1622 2375 1725 2430; x_wconf 76' lang='lat' dir='ltr'>soii</span> <span class='ocrx_word' id='word_1_188' title='bbox 1764 2379 2205 2434; x_wconf 88' lang='lat' dir='ltr'>consuetudinem</span> <span class='ocrx_word' id='word_1_189' title='bbox 2251 2388 2305 2434; x_wconf 87' lang='lat' dir='ltr'>et</span> <span class='ocrx_word' id='word_1_190' title='bbox 2340 2380 2554 2436; x_wconf 88' lang='lat' dir='ltr'>modum</span> <span class='ocrx_word' id='word_1_191' title='bbox 2594 2398 2627 2434; x_wconf 86' lang='lat' dir='ltr'>a.</span> <span class='ocrx_word' id='word_1_192' title='bbox 2653 2381 2839 2449; x_wconf 88' lang='lat' dir='ltr'>judice</span> 
     </span>
     <span class='ocr_line' id='line_1_23' title="bbox 449 2446 1723 2519; baseline -0.001 -17"><span class='ocrx_word' id='word_1_193' title='bbox 449 2452 844 2519; x_wconf 82' lang='lat' dir='ltr'>praescriptum</span> <span class='ocrx_word' id='word_1_194' title='bbox 884 2451 1003 2518; x_wconf 88' lang='lat' dir='ltr'>quis</span> <span class='ocrx_word' id='word_1_195' title='bbox 1032 2450 1185 2518; x_wconf 81' lang='lat' dir='ltr'>jurat</span> <span class='ocrx_word' id='word_1_196' title='bbox 1220 2449 1253 2513; x_wconf 90' lang='lat'><em>(</em></span> <span class='ocrx_word' id='word_1_197' title='bbox 1253 2447 1293 2502; x_wconf 89' lang='lat'>1.</span> <span class='ocrx_word' id='word_1_198' title='bbox 1331 2447 1425 2516; x_wconf 88' lang='lat'>33,</span> <span class='ocrx_word' id='word_1_199' title='bbox 1464 2447 1559 2518; x_wconf 81' lang='lat'>34,</span> <span class='ocrx_word' id='word_1_200' title='bbox 1596 2446 1723 2516; x_wconf 83' lang='lat'>36.)</span> 
     </span>
     <span class='ocr_line' id='line_1_24' title="bbox 646 2519 2838 2593; baseline 0 -16"><span class='ocrx_word' id='word_1_201' title='bbox 646 2524 799 2577; x_wconf 85' lang='lat' dir='ltr'>Finis</span> <span class='ocrx_word' id='word_1_202' title='bbox 842 2530 944 2591; x_wconf 86' lang='lat' dir='ltr'>est,</span> <span class='ocrx_word' id='word_1_203' title='bbox 969 2530 1030 2575; x_wconf 88' lang='lat' dir='ltr'>ut</span> <span class='ocrx_word' id='word_1_204' title='bbox 1047 2521 1218 2590; x_wconf 86' lang='lat' dir='ltr'>judex</span> <span class='ocrx_word' id='word_1_205' title='bbox 1245 2520 1524 2575; x_wconf 78' lang='lat' dir='ltr'>veritatem</span> <span class='ocrx_word' id='word_1_206' title='bbox 1563 2519 1741 2575; x_wconf 86' lang='lat' dir='ltr'>discat</span> <span class='ocrx_word' id='word_1_207' title='bbox 1778 2529 1832 2575; x_wconf 88' lang='lat' dir='ltr'>et</span> <span class='ocrx_word' id='word_1_208' title='bbox 1866 2520 2014 2576; x_wconf 84' lang='lat' dir='ltr'>litem</span> <span class='ocrx_word' id='word_1_209' title='bbox 2058 2540 2123 2577; x_wconf 83' lang='lat' dir='ltr'>ex</span> <span class='ocrx_word' id='word_1_210' title='bbox 2148 2538 2322 2593; x_wconf 82' lang='lat' dir='ltr'>aequo</span> <span class='ocrx_word' id='word_1_211' title='bbox 2348 2524 2588 2578; x_wconf 84' lang='lat' dir='ltr'>definiat.</span> <span class='ocrx_word' id='word_1_212' title='bbox 2624 2526 2655 2589; x_wconf 89' lang='lat'><em>(</em></span> <span class='ocrx_word' id='word_1_213' title='bbox 2657 2521 2697 2578; x_wconf 86' lang='lat'>1.</span> <span class='ocrx_word' id='word_1_214' title='bbox 2722 2521 2838 2593; x_wconf 85' lang='grc'><em>31.)</em></span> 
     </span>
    </p>
   </div>
   <div class='ocr_carea' id='block_1_4' title="bbox 591 2735 2702 2933">
    <p class='ocr_par' dir='ltr' id='par_1_4' title="bbox 591 2735 2702 2933">
     <span class='ocr_line' id='line_1_25' title="bbox 591 2735 2702 2838; baseline 0.001 -27"><span class='ocrx_word' id='word_1_215' title='bbox 591 2740 718 2811; x_wconf 81' lang='lat' dir='ltr'>De</span> <span class='ocrx_word' id='word_1_216' title='bbox 761 2736 1250 2836; x_wconf 76' lang='lat' dir='ltr'>publicatione</span> <span class='ocrx_word' id='word_1_217' title='bbox 1298 2749 1360 2809; x_wconf 78' lang='lat' dir='ltr'>et</span> <span class='ocrx_word' id='word_1_218' title='bbox 1408 2735 1951 2835; x_wconf 74' lang='lat' dir='ltr'>impuynatione</span> <span class='ocrx_word' id='word_1_219' title='bbox 1998 2738 2284 2813; x_wconf 83' lang='lat' dir='ltr'>testium</span> <span class='ocrx_word' id='word_1_220' title='bbox 2334 2764 2702 2838; x_wconf 70' lang='lat' dir='ltr'>eorumque</span> 
     </span>
     <span class='ocr_line' id='line_1_26' title="bbox 1364 2836 1900 2933; baseline 0.002 -26"><span class='ocrx_word' id='word_1_221' title='bbox 1364 2836 1900 2933; x_wconf 78' lang='lat' dir='ltr'>depositionum.</span> 
     </span>
    </p>
   </div>
   <div class='ocr_carea' id='block_1_5' title="bbox 1255 2997 2028 3070">
    <p class='ocr_par' dir='ltr' id='par_1_5' title="bbox 1255 2997 2028 3070">
     <span class='ocr_line' id='line_1_27' title="bbox 1255 2997 2028 3070; baseline 0.001 -6"><span class='ocrx_word' id='word_1_222' title='bbox 1255 3000 1308 3064; x_wconf 90' lang='lat' dir='ltr'>T</span> <span class='ocrx_word' id='word_1_223' title='bbox 1341 3001 1359 3066; x_wconf 93' lang='lat' dir='ltr'>i</span> <span class='ocrx_word' id='word_1_224' title='bbox 1391 3004 1490 3070; x_wconf 61' lang='grc' dir='ltr'>ιιι</span> <span class='ocrx_word' id='word_1_225' title='bbox 1524 3000 1545 3063; x_wconf 97' lang='lat' dir='ltr'>l</span> <span class='ocrx_word' id='word_1_226' title='bbox 1575 3020 1618 3064; x_wconf 94' lang='lat' dir='ltr'>u</span> <span class='ocrx_word' id='word_1_227' title='bbox 1649 3018 1681 3065; x_wconf 90' lang='lat' dir='ltr'>s</span> <span class='ocrx_word' id='word_1_228' title='bbox 1751 2997 2028 3066; x_wconf 87' lang='lat' dir='ltr'>XXVII.</span> 
     </span>
    </p>
   </div>
   <div class='ocr_carea' id='block_1_6' title="bbox 441 3132 2835 4450">
    <p class='ocr_par' dir='ltr' id='par_1_6' title="bbox 449 3132 2835 3661">
     <span class='ocr_line' id='line_1_28' title="bbox 647 3132 2833 3216; baseline -0.001 -15"><span class='ocrx_word' id='word_1_229' title='bbox 647 3136 856 3215; x_wconf 85' lang='lat' dir='ltr'>Supra</span> <span class='ocrx_word' id='word_1_230' title='bbox 909 3134 970 3197; x_wconf 91' lang='lat' dir='ltr'>in</span> <span class='ocrx_word' id='word_1_231' title='bbox 1020 3134 1230 3198; x_wconf 91' lang='lat' dir='ltr'>Titulo</span> <span class='ocrx_word' id='word_1_232' title='bbox 1278 3132 1358 3197; x_wconf 90' lang='lat' dir='ltr'>de</span> <span class='ocrx_word' id='word_1_233' title='bbox 1407 3132 1821 3198; x_wconf 88' lang='lat' dir='ltr'>dilationibus</span> <span class='ocrx_word' id='word_1_234' title='bbox 1867 3134 2107 3198; x_wconf 87' lang='lat' dir='ltr'>dictum</span> <span class='ocrx_word' id='word_1_235' title='bbox 2154 3140 2273 3212; x_wconf 86' lang='lat' dir='ltr'>est,</span> <span class='ocrx_word' id='word_1_236' title='bbox 2323 3138 2641 3213; x_wconf 85' lang='lat' dir='ltr'>quatenus</span> <span class='ocrx_word' id='word_1_237' title='bbox 2687 3140 2833 3216; x_wconf 89' lang='lat' dir='ltr'>post</span> 
     </span>
     <span class='ocr_line' id='line_1_29' title="bbox 455 3220 2829 3304; baseline -0.001 -15"><span class='ocrx_word' id='word_1_238' title='bbox 455 3227 632 3289; x_wconf 90' lang='lat' dir='ltr'>litem</span> <span class='ocrx_word' id='word_1_239' title='bbox 683 3228 1106 3289; x_wconf 81' lang='lat' dir='ltr'>contestatam</span> <span class='ocrx_word' id='word_1_240' title='bbox 1160 3222 1415 3285; x_wconf 88' lang='lat' dir='ltr'>termini</span> <span class='ocrx_word' id='word_1_241' title='bbox 1451 3221 1733 3287; x_wconf 86' lang='lat' dir='ltr'>dilatorii</span> <span class='ocrx_word' id='word_1_242' title='bbox 1780 3220 1861 3285; x_wconf 90' lang='lat' dir='ltr'>ad</span> <span class='ocrx_word' id='word_1_243' title='bbox 1894 3221 2293 3303; x_wconf 86' lang='lat' dir='ltr'>probandum</span> <span class='ocrx_word' id='word_1_244' title='bbox 2334 3220 2487 3299; x_wconf 84' lang='lat' dir='ltr'>jura</span> <span class='ocrx_word' id='word_1_245' title='bbox 2529 3240 2646 3285; x_wconf 84' lang='lat' dir='ltr'>sua</span> <span class='ocrx_word' id='word_1_246' title='bbox 2677 3241 2829 3304; x_wconf 86' lang='lat' dir='ltr'>par-</span> 
     </span>
     <span class='ocr_line' id='line_1_30' title="bbox 454 3310 2835 3391; baseline -0.003 -12"><span class='ocrx_word' id='word_1_247' title='bbox 454 3314 626 3378; x_wconf 90' lang='lat' dir='ltr'>tibus</span> <span class='ocrx_word' id='word_1_248' title='bbox 671 3330 712 3375; x_wconf 86' lang='lat' dir='ltr'>a</span> <span class='ocrx_word' id='word_1_249' title='bbox 764 3310 984 3391; x_wconf 89' lang='lat' dir='ltr'>judice</span> <span class='ocrx_word' id='word_1_250' title='bbox 1051 3310 1529 3390; x_wconf 83' lang='lat' dir='ltr'>impartiuntur,</span> <span class='ocrx_word' id='word_1_251' title='bbox 1587 3311 1817 3391; x_wconf 85' lang='lat' dir='ltr'>quibus</span> <span class='ocrx_word' id='word_1_252' title='bbox 1878 3310 2342 3391; x_wconf 79' lang='lat' dir='ltr'>praeterlapsis</span> <span class='ocrx_word' id='word_1_253' title='bbox 2403 3310 2835 3391; x_wconf 84' lang='lat' dir='ltr'>depositiones</span> 
     </span>
     <span class='ocr_line' id='line_1_31' title="bbox 455 3397 2830 3480; baseline -0 -15"><span class='ocrx_word' id='word_1_254' title='bbox 455 3400 712 3465; x_wconf 89' lang='lat' dir='ltr'>testium</span> <span class='ocrx_word' id='word_1_255' title='bbox 764 3404 831 3463; x_wconf 90' lang='lat' dir='ltr'>et</span> <span class='ocrx_word' id='word_1_256' title='bbox 879 3416 1290 3479; x_wconf 87' lang='lat' dir='ltr'>quascunque</span> <span class='ocrx_word' id='word_1_257' title='bbox 1340 3398 1497 3463; x_wconf 85' lang='lat' dir='ltr'>alias</span> <span class='ocrx_word' id='word_1_258' title='bbox 1565 3397 2001 3478; x_wconf 84' lang='lat' dir='ltr'>probationes,</span> <span class='ocrx_word' id='word_1_259' title='bbox 2050 3403 2306 3478; x_wconf 85' lang='lat' dir='ltr'>oportet</span> <span class='ocrx_word' id='word_1_260' title='bbox 2346 3398 2590 3463; x_wconf 87' lang='lat' dir='ltr'>habere</span> <span class='ocrx_word' id='word_1_261' title='bbox 2637 3418 2830 3480; x_wconf 87' lang='lat' dir='ltr'>expe-</span> 
     </span>
     <span class='ocr_line' id='line_1_32' title="bbox 457 3484 2833 3568; baseline 0.001 -16"><span class='ocrx_word' id='word_1_262' title='bbox 457 3489 645 3567; x_wconf 80' lang='lat' dir='ltr'>ditaS,</span> <span class='ocrx_word' id='word_1_263' title='bbox 715 3491 787 3551; x_wconf 89' lang='lat' dir='ltr'>ut</span> <span class='ocrx_word' id='word_1_264' title='bbox 833 3487 1256 3568; x_wconf 86' lang='lat' dir='ltr'>publicentur.</span> <span class='ocrx_word' id='word_1_265' title='bbox 1325 3484 1483 3551; x_wconf 89' lang='lat' dir='ltr'>Post</span> <span class='ocrx_word' id='word_1_266' title='bbox 1536 3486 1986 3568; x_wconf 85' lang='lat' dir='ltr'>probationum</span> <span class='ocrx_word' id='word_1_267' title='bbox 2054 3484 2251 3565; x_wconf 90' lang='lat' dir='ltr'>igitur</span> <span class='ocrx_word' id='word_1_268' title='bbox 2318 3486 2587 3568; x_wconf 84' lang='lat' dir='ltr'>specieS,</span> <span class='ocrx_word' id='word_1_269' title='bbox 2654 3495 2833 3554; x_wconf 89' lang='lat' dir='ltr'>recte</span> 
     </span>
     <span class='ocr_line' id='line_1_33' title="bbox 449 3572 2197 3661; baseline -0.002 -20"><span class='ocrx_word' id='word_1_270' title='bbox 449 3594 614 3643; x_wconf 89' lang='lat' dir='ltr'>nunc</span> <span class='ocrx_word' id='word_1_271' title='bbox 662 3576 742 3640; x_wconf 89' lang='lat' dir='ltr'>de</span> <span class='ocrx_word' id='word_1_272' title='bbox 791 3574 1224 3656; x_wconf 87' lang='lat' dir='ltr'>publicatione</span> <span class='ocrx_word' id='word_1_273' title='bbox 1270 3575 1527 3661; x_wconf 89' lang='lat' dir='ltr'>testium</span> <span class='ocrx_word' id='word_1_274' title='bbox 1575 3574 1799 3639; x_wconf 88' lang='lat' dir='ltr'>titulus</span> <span class='ocrx_word' id='word_1_275' title='bbox 1846 3572 2197 3654; x_wconf 89' lang='lat' dir='ltr'>subjicitur.</span> 
     </span>
    </p>

    <p class='ocr_par' dir='ltr' id='par_1_7' title="bbox 448 3662 2835 4095">
     <span class='ocr_line' id='line_1_34' title="bbox 649 3662 2830 3743; baseline 0 -16"><span class='ocrx_word' id='word_1_276' title='bbox 649 3663 1007 3730; x_wconf 89' lang='lat' dir='ltr'>Publicatio</span> <span class='ocrx_word' id='word_1_277' title='bbox 1068 3663 1326 3727; x_wconf 89' lang='lat' dir='ltr'>testium</span> <span class='ocrx_word' id='word_1_278' title='bbox 1372 3662 1530 3727; x_wconf 93' lang='lat' dir='ltr'>nihil</span> <span class='ocrx_word' id='word_1_279' title='bbox 1589 3662 1762 3727; x_wconf 85' lang='lat' dir='ltr'>aliud</span> <span class='ocrx_word' id='word_1_280' title='bbox 1826 3664 1944 3740; x_wconf 89' lang='lat' dir='ltr'>est,</span> <span class='ocrx_word' id='word_1_281' title='bbox 2007 3678 2197 3741; x_wconf 86' lang='lat' dir='ltr'>quam</span> <span class='ocrx_word' id='word_1_282' title='bbox 2259 3669 2440 3727; x_wconf 84' lang='lat' dir='ltr'>actus</span> <span class='ocrx_word' id='word_1_283' title='bbox 2489 3662 2830 3743; x_wconf 84' lang='lat' dir='ltr'>jndicialis,</span> 
     </span>
     <span class='ocr_line' id='line_1_35' title="bbox 449 3748 2831 3832; baseline 0 -16"><span class='ocrx_word' id='word_1_284' title='bbox 449 3770 575 3831; x_wconf 88' lang='lat' dir='ltr'>quo</span> <span class='ocrx_word' id='word_1_285' title='bbox 625 3752 957 3832; x_wconf 89' lang='lat' dir='ltr'>utriusque</span> <span class='ocrx_word' id='word_1_286' title='bbox 989 3751 1195 3831; x_wconf 83' lang='lat' dir='ltr'>partis</span> <span class='ocrx_word' id='word_1_287' title='bbox 1241 3750 1654 3830; x_wconf 87' lang='lat' dir='ltr'>probationes</span> <span class='ocrx_word' id='word_1_288' title='bbox 1690 3768 1809 3831; x_wconf 89' lang='lat' dir='ltr'>per</span> <span class='ocrx_word' id='word_1_289' title='bbox 1833 3748 2112 3828; x_wconf 89' lang='lat' dir='ltr'>judicem</span> <span class='ocrx_word' id='word_1_290' title='bbox 2147 3750 2404 3829; x_wconf 89' lang='lat' dir='ltr'>publice</span> <span class='ocrx_word' id='word_1_291' title='bbox 2438 3769 2517 3816; x_wconf 83' lang='lat' dir='ltr'>ac</span> <span class='ocrx_word' id='word_1_292' title='bbox 2546 3751 2831 3831; x_wconf 85' lang='lat' dir='ltr'>legitime</span> 
     </span>
     <span class='ocr_line' id='line_1_36' title="bbox 451 3837 2835 3919; baseline 0 -16"><span class='ocrx_word' id='word_1_293' title='bbox 451 3839 814 3905; x_wconf 85' lang='lat' dir='ltr'>audiuntur.</span> <span class='ocrx_word' id='word_1_294' title='bbox 913 3838 1044 3905; x_wconf 88' lang='lat' dir='ltr'>Sub</span> <span class='ocrx_word' id='word_1_295' title='bbox 1114 3838 1424 3903; x_wconf 85' lang='lat' dir='ltr'>vocabulo</span> <span class='ocrx_word' id='word_1_296' title='bbox 1495 3838 1751 3903; x_wconf 87' lang='lat' dir='ltr'>testium</span> <span class='ocrx_word' id='word_1_297' title='bbox 1823 3854 2043 3902; x_wconf 91' lang='lat' dir='ltr'>omnes</span> <span class='ocrx_word' id='word_1_298' title='bbox 2114 3837 2532 3919; x_wconf 85' lang='lat' dir='ltr'>probationes</span> <span class='ocrx_word' id='word_1_299' title='bbox 2600 3839 2835 3904; x_wconf 91' lang='lat' dir='ltr'>intelli-</span> 
     </span>
     <span class='ocr_line' id='line_1_37' title="bbox 448 3926 2830 4010; baseline 0.003 -20"><span class='ocrx_word' id='word_1_300' title='bbox 448 3931 704 4007; x_wconf 89' lang='lat' dir='ltr'>guntur,</span> <span class='ocrx_word' id='word_1_301' title='bbox 753 3929 886 3993; x_wconf 91' lang='lat' dir='ltr'>sive</span> <span class='ocrx_word' id='word_1_302' title='bbox 932 3928 1059 3993; x_wconf 88' lang='lat' dir='ltr'>sint</span> <span class='ocrx_word' id='word_1_303' title='bbox 1103 3944 1224 4007; x_wconf 88' lang='lat' dir='ltr'>per</span> <span class='ocrx_word' id='word_1_304' title='bbox 1269 3926 1634 3991; x_wconf 86' lang='lat' dir='ltr'>testimonia</span> <span class='ocrx_word' id='word_1_305' title='bbox 1682 3927 1964 4007; x_wconf 88' lang='lat' dir='ltr'>testium,</span> <span class='ocrx_word' id='word_1_306' title='bbox 2036 3926 2169 3991; x_wconf 88' lang='lat' dir='ltr'>sive</span> <span class='ocrx_word' id='word_1_307' title='bbox 2218 3944 2337 4006; x_wconf 89' lang='lat' dir='ltr'>per</span> <span class='ocrx_word' id='word_1_308' title='bbox 2384 3926 2541 3993; x_wconf 85' lang='lat' dir='ltr'>alios</span> <span class='ocrx_word' id='word_1_309' title='bbox 2588 3928 2830 4010; x_wconf 81' lang='lat' dir='ltr'>modoS‚</span> 
     </span>
     <span class='ocr_line' id='line_1_38' title="bbox 449 4013 1933 4095; baseline 0 -16"><span class='ocrx_word' id='word_1_310' title='bbox 449 4015 532 4081; x_wconf 88' lang='lat' dir='ltr'>de</span> <span class='ocrx_word' id='word_1_311' title='bbox 579 4016 808 4093; x_wconf 88' lang='lat' dir='ltr'>quibus</span> <span class='ocrx_word' id='word_1_312' title='bbox 852 4034 1020 4080; x_wconf 91' lang='lat' dir='ltr'>nunc</span> <span class='ocrx_word' id='word_1_313' title='bbox 1069 4014 1360 4094; x_wconf 82' lang='lat' dir='ltr'>diximuS,</span> <span class='ocrx_word' id='word_1_314' title='bbox 1409 4013 1697 4095; x_wconf 88' lang='lat' dir='ltr'>legitime</span> <span class='ocrx_word' id='word_1_315' title='bbox 1743 4015 1933 4080; x_wconf 81' lang='lat' dir='ltr'>facta.</span> 
     </span>
    </p>

    <p class='ocr_par' dir='ltr' id='par_1_8' title="bbox 441 4101 2831 4450">
     <span class='ocr_line' id='line_1_39' title="bbox 649 4101 2831 4186; baseline 0 -19"><span class='ocrx_word' id='word_1_316' title='bbox 649 4102 770 4181; x_wconf 84' lang='lat' dir='ltr'>Qui</span> <span class='ocrx_word' id='word_1_317' title='bbox 819 4103 954 4167; x_wconf 92' lang='lat' dir='ltr'>vult</span> <span class='ocrx_word' id='word_1_318' title='bbox 996 4121 1114 4183; x_wconf 90' lang='lat' dir='ltr'>pro</span> <span class='ocrx_word' id='word_1_319' title='bbox 1164 4118 1234 4166; x_wconf 91' lang='lat' dir='ltr'>se</span> <span class='ocrx_word' id='word_1_320' title='bbox 1274 4101 1589 4182; x_wconf 87' lang='lat' dir='ltr'>publicari</span> <span class='ocrx_word' id='word_1_321' title='bbox 1637 4103 2084 4169; x_wconf 82' lang='lat' dir='ltr'>attestationes</span> <span class='ocrx_word' id='word_1_322' title='bbox 2130 4103 2412 4183; x_wconf 89' lang='lat' dir='ltr'>testium,</span> <span class='ocrx_word' id='word_1_323' title='bbox 2445 4102 2717 4186; x_wconf 87' lang='lat' dir='ltr'>primum</span> <span class='ocrx_word' id='word_1_324' title='bbox 2764 4103 2831 4170; x_wconf 92' lang='lat' dir='ltr'>id</span> 
     </span>
     <span class='ocr_line' id='line_1_40' title="bbox 447 4182 2829 4272; baseline 0.002 -17"><span class='ocrx_word' id='word_1_325' title='bbox 447 4190 571 4255; x_wconf 88' lang='lat' dir='ltr'>sibi</span> <span class='ocrx_word' id='word_1_326' title='bbox 616 4208 736 4271; x_wconf 87' lang='lat' dir='ltr'>per</span> <span class='ocrx_word' id='word_1_327' title='bbox 770 4191 1056 4271; x_wconf 86' lang='lat' dir='ltr'>jndicem</span> <span class='ocrx_word' id='word_1_328' title='bbox 1089 4190 1374 4270; x_wconf 84' lang='lat' dir='ltr'>permitti</span> <span class='ocrx_word' id='word_1_329' title='bbox 1422 4196 1621 4272; x_wconf 83' lang='lat' dir='ltr'>petat,</span> <span class='ocrx_word' id='word_1_330' title='bbox 1671 4197 1740 4255; x_wconf 92' lang='lat' dir='ltr'>et</span> <span class='ocrx_word' id='word_1_331' title='bbox 1783 4190 2015 4256; x_wconf 89' lang='lat' dir='ltr'>deinde</span> <span class='ocrx_word' id='word_1_332' title='bbox 2062 4192 2315 4258; x_wconf 88' lang='lat' dir='ltr'>notario</span> <span class='ocrx_word' id='word_1_333' title='bbox 2364 4182 2447 4269; x_wconf 89' lang='lat' dir='ltr'>(si</span> <span class='ocrx_word' id='word_1_334' title='bbox 2488 4193 2554 4257; x_wconf 89' lang='lat' dir='ltr'>in</span> <span class='ocrx_word' id='word_1_335' title='bbox 2600 4192 2829 4259; x_wconf 89' lang='lat' dir='ltr'>eodem</span> 
     </span>
     <span class='ocr_line' id='line_1_41' title="bbox 441 4271 2827 4361; baseline 0.001 -18"><span class='ocrx_word' id='word_1_336' title='bbox 441 4278 680 4358; x_wconf 88' lang='lat' dir='ltr'>judicio</span> <span class='ocrx_word' id='word_1_337' title='bbox 729 4284 930 4344; x_wconf 86' lang='lat' dir='ltr'>testes</span> <span class='ocrx_word' id='word_1_338' title='bbox 977 4278 1220 4343; x_wconf 86' lang='lat' dir='ltr'>fuerint</span> <span class='ocrx_word' id='word_1_339' title='bbox 1265 4280 1509 4359; x_wconf 82' lang='lat' dir='ltr'>recepti</span> <span class='ocrx_word' id='word_1_340' title='bbox 1557 4286 1626 4344; x_wconf 89' lang='lat' dir='ltr'>et</span> <span class='ocrx_word' id='word_1_341' title='bbox 1669 4271 2043 4357; x_wconf 84' lang='lat' dir='ltr'>examinati)</span> <span class='ocrx_word' id='word_1_342' title='bbox 2077 4280 2367 4347; x_wconf 88' lang='lat' dir='ltr'>chartam</span> <span class='ocrx_word' id='word_1_343' title='bbox 2398 4280 2827 4361; x_wconf 85' lang='lat' dir='ltr'>registralem,</span> 
     </span>
     <span class='ocr_line' id='line_1_42' title="bbox 447 4359 2825 4450; baseline 0.002 -21"><span class='ocrx_word' id='word_1_344' title='bbox 447 4367 636 4447; x_wconf 85' lang='lat' dir='ltr'>vulgo</span> <span class='ocrx_word' id='word_1_345' title='bbox 681 4359 1019 4447; x_wconf 66' lang='lat' dir='ltr'>registiit</span> <span class='ocrx_word' id='word_1_346' title='bbox 1065 4366 1298 4431; x_wconf 85' lang='lat' dir='ltr'>dictam</span> <span class='ocrx_word' id='word_1_347' title='bbox 1336 4367 1600 4447; x_wconf 84' lang='lat' dir='ltr'>offerat3</span> <span class='ocrx_word' id='word_1_348' title='bbox 1651 4386 1773 4448; x_wconf 92' lang='lat' dir='ltr'>quo</span> <span class='ocrx_word' id='word_1_349' title='bbox 1807 4367 2055 4434; x_wconf 82' lang='lat' dir='ltr'>facilius</span> <span class='ocrx_word' id='word_1_350' title='bbox 2084 4370 2341 4435; x_wconf 89' lang='lat' dir='ltr'>testium</span> <span class='ocrx_word' id='word_1_351' title='bbox 2375 4368 2825 4450; x_wconf 62' lang='lat' dir='ltr'>depositiones</span> 
     </span>
    </p>
   </div>
   <div class='ocr_carea' id='block_1_7' title="bbox 448 4446 2829 4623">
    <p class='ocr_par' dir='ltr' id='par_1_9' title="bbox 448 4446 2829 4623">
     <span class='ocr_line' id='line_1_43' title="bbox 448 4446 2829 4623; baseline 0.003 -106"><span class='ocrx_word' id='word_1_352' title='bbox 448 4454 518 4605; x_wconf 50' lang='lat' dir='ltr'>ilii</span> <span class='ocrx_word' id='word_1_353' title='bbox 559 4455 759 4607; x_wconf 55' lang='lat' dir='ltr'>libri}</span> <span class='ocrx_word' id='word_1_354' title='bbox 797 4456 1070 4623; x_wconf 45' lang='lat' dir='ltr'>pgiljcis</span> <span class='ocrx_word' id='word_1_355' title='bbox 1114 4457 1398 4534; x_wconf 87' lang='lat' dir='ltr'>notatae,</span> <span class='ocrx_word' id='word_1_356' title='bbox 1459 4474 1580 4537; x_wconf 90' lang='lat' dir='ltr'>per</span> <span class='ocrx_word' id='word_1_357' title='bbox 1637 4455 1843 4535; x_wconf 90' lang='lat' dir='ltr'>ipsum</span> <span class='ocrx_word' id='word_1_358' title='bbox 1901 4458 2314 4537; x_wconf 84' lang='lat' dir='ltr'>reperiantur</span> <span class='ocrx_word' id='word_1_359' title='bbox 2384 4446 2503 4536; x_wconf 92' lang='lat' dir='ltr'>(B.</span> <span class='ocrx_word' id='word_1_360' title='bbox 2551 4460 2655 4523; x_wconf 84' lang='lat'>75.</span> <span class='ocrx_word' id='word_1_361' title='bbox 2704 4458 2829 4523; x_wconf 75' lang='lat' dir='ltr'>Jue</span> 
     </span>
     <span class='ocr_line' id='line_1_44' title="bbox 511 4564 929 4610; baseline 0.012 -5"><span class='ocrx_word' id='word_1_362' title='bbox 511 4564 644 4607; x_wconf 80' lang='lat' dir='ltr'>Yov.</span> <span class='ocrx_word' id='word_1_363' title='bbox 763 4596 776 4610; x_wconf 90' lang='lat'>.</span> <span class='ocrx_word' id='word_1_364' title='bbox 916 4595 929 4609; x_wconf 82' lang='lat'>.</span> 
     </span>
    </p>
   </div>
  </div>
 </body>
</html>
