3350 5050
1122 467 1456 538 Respublica
1492 467 1732 535 Bojema.
1773 469 1903 534 (lap.
1948 467 2100 522 XIII.
2675 469 2795 538 251

425 611 491 677 id
550 612 719 712 quod
774 611 991 688 etiam,
1054 615 1127 674 ut
1180 610 1453 692 primum
1515 609 1912 674 commodum
1968 606 2206 685 vident,
2267 623 2498 685 magno
2546 605 2808 671 Ordinis

426 699 706 764 universi
731 698 1195 777 referendario,
1225 696 1605 763 cancellario
1631 714 1864 777 nempe
1877 695 2132 774 Pragae
2153 694 2412 760 Veteris
2437 701 2806 815 perorante,

426 789 490 851 10
539 788 804 853 00001110
849 786 1169 866 frequenti
1213 787 1475 851 10111101

626 875 699 939 V.
749 875 1011 940 Collatis
1058 875 1122 939 in
1168 875 1335 939 hunc
1396 875 1649 938 modum
1700 871 2013 937 Ordinum
2069 845 2404 936 sententiis
2463 870 2804 938 voluntati-

426 964 676 1044 busque
702 963 1077 1043 conjunctis,
1102 963 1460 1042 concipitur
1484 981 1560 1028 ac
1586 962 1830 1040 scripto
1855 959 2421 1042 comprehenditur
2436 959 2806 1056 reddendae

426 1051 591 1151 Regi
617 1051 1049 1152 responsionis
1071 1051 1361 1115 formula.
1412 1049 1629 1133 Stylus
1658 1049 1764 1114 1110
1795 1049 2122 1114 consuevit
2150 1047 2444 1115 adhiberi
2475 1043 2799 1124 παρῤησια·

425 1132 616 1206 ςικὸς,
684 1147 753 1204 111
818 1140 883 1204 10
952 1139 1049 1218 118,
1120 1157 1285 1218 quae
1342 1139 1479 1203 Rex
1547 1138 1866 1220 proponit,
1936 1128 2294 1214 ὃψιτορικότ
2362 1139 2638 1216 ideoque
2696 1135 2804 1199 ille

424 1229 774 1308 popularis,
834 1227 939 1292 hic
984 1228 1223 1308 regius.
1295 1227 1473 1305 Quae
1534 1226 1866 1328 responsio
1928 1244 2068 1291 cum
2114 1223 2286 1290 facta
2333 1229 2634 1291 accurate
2673 1223 2806 1303 jam

425 1321 529 1380 est
569 1316 635 1379 in
680 1321 997 1396 promptu,
1046 1317 1288 1380 abeunt
1342 1317 1407 1378 in
1454 1315 1699 1395 regiam
1763 1333 1842 1378 ex
1901 1313 2152 1378 comitio
2201 1313 2408 1396 Regni
2454 1311 2800 1378 Senatores

423 1407 491 1466 et
552 1422 693 1468 01110
751 1405 832 1468 118
888 1422 967 1468 ex
1029 1404 1379 1468 Ordinibus
1450 1403 1734 1482 singulis,
1801 1399 1968 1466 hanc
2027 1399 2327 1468 videlicet
2389 1403 2454 1466 in
2522 1419 2660 1466 rem
2729 1399 2809 1463 ab

429 1491 693 1556 Ordinis
724 1492 821 1556 sui
872 1492 1257 1573 primoribus
1305 1492 1535 1556 delecti
1584 1491 1964 1571 complures,
2009 1507 2280 1570 eamque
2327 1491 2492 1570 Regi
2541 1507 2808 1553 venera-

430 1578 627 1644 bundi
674 1580 965 1644 offerunt.
1026 1579 1124 1644 Ea
1168 1579 1307 1644 Rex
1351 1586 1641 1659 accepta,
1701 1585 1768 1644 et
1811 1578 2128 1644 lecturum
2177 1597 2342 1658 quae
2389 1576 2806 1658 respondent,

428 1674 498 1730 01
556 1670 799 1750 scripto
866 1687 937 1732 se
997 1674 1412 1749 posteaquam
1486 1666 1958 1744 deliberaverit,
2031 1667 2181 1746 quid
2253 1667 2334 1731 de
2405 1666 2484 1732 iis
2553 1665 2809 1730 sentiat.

432 1755 911 1821 declaraturum
934 1755 1183 1835 recipit.
1233 1757 1665 1836 Exspectatur
1708 1756 1927 1835 itaque
1978 1753 2239 1820 biduum
2287 1756 2664 1836 plerumque
2713 1751 2809 1816 vel

430 1841 735 1920 triduum,
782 1843 931 1908 dum
978 1844 1133 1921 Rex,
1185 1849 1256 1908 ut
1302 1843 1556 1925 placeat
1600 1841 1952 1923 responsio,
2003 1843 2309 1908 declaret.
2373 1843 2516 1921 Qui
2542 1841 2811 1922 cognitis

428 1949 594 2009 quae
654 1933 733 1998 (10
792 1931 1133 2011 postulatis
1192 1931 1613 1998 comitialibus
1672 1930 1890 1996 facere
1947 1930 2143 1995 velint
2203 1931 2502 2011 OrdineS,
2575 1929 2812 2009 scripto

430 2009 763 2100 (replicam
793 2019 1049 2098 vocant)
1096 2037 1261 2100 quae
1309 2020 1627 2102 placeant,
1676 2037 1842 2100 quae
1888 2019 2291 2100 displiceant,
2339 2017 2807 2098 complectitur,

429 2105 623 2187 idque
692 2127 813 2189 per
878 2113 1180 2172 evocatos
1249 2108 1331 2172 ad
1400 2127 1469 2174 se
1543 2106 1746 2188 Regni
1820 2107 2184 2188 Optimates
2254 2107 2518 2173 concilio
2595 2105 2809 2171 mittit.

430 2193 719 2274 Legitur,
774 2197 1181 2276 expenditur,
1231 2197 1591 2275 discutitur,
1650 2214 1725 2260 ac
1791 2213 1934 2260 cum
1996 2197 2408 2276 responsione
2469 2192 2813 2273 diligenter

424 2283 755 2355 confertur
819 2284 1005 2364 regia
1071 2285 1197 2349 ista
1266 2285 1619 2365 replicatio.
1691 2283 2121 2363 Excussisque
2190 2283 2527 2349 momentis
2593 2299 2808 2346 rerum

428 2372 719 2436 omnibus
766 2375 835 2437 et
880 2371 1126 2436 collatis
1172 2370 1379 2437 denuo
1434 2374 1499 2437 in
1552 2371 1829 2437 medium
1878 2371 2233 2452 sententiis,
2295 2372 2368 2437 fit
2414 2369 2808 2437 comitiorum

427 2458 776 2537 decretum,
845 2461 947 2525 c‘ui
1014 2460 1079 2524 in
1146 2460 1529 2541 scripturam
1600 2459 1953 2540 redigendo
2022 2459 2393 2541 deliguntur
2456 2457 2669 2525 statim
2733 2475 2808 2521 ex

430 2548 675 2613 Ordine
737 2567 1113 2629 unoquoque
1172 2548 1623 2629 prudentiores
1684 2547 1957 2629 aliquot,
2019 2566 2148 2613 una·
2207 2568 2349 2615 cum
2411 2546 2805 2614 Primicerio.

426 2633 605 2712 Quod
656 2655 797 2700 cum
846 2636 1269 2716 conscriptum
1318 2644 1435 2716 est,
1484 2637 1718 2718 legitur
1765 2637 2038 2703 formula
2085 2654 2298 2702 corani
2343 2633 2680 2703 universis.
2747 2640 2814 2695 et

425 2728 739 2804 rogantur
782 2725 1016 2789 iterum
1064 2726 1445 2789 sententiam
1491 2744 1734 2803 omnes,
1785 2730 1853 2789 ut
1897 2726 1951 2792 si
1999 2724 2150 2805 quid
2197 2726 2262 2790 in
2308 2744 2388 2790 ea
2420 2722 2810 2800 desiderent,

428 2818 807 2892 proponant.
854 2814 1219 2877 Audiuntur
1250 2832 1488 2889 omnes,
1534 2813 1935 2892 formulaque
1969 2822 2098 2878 tam
2146 2814 2255 2878 diu
2299 2814 2572 2888 limatur,
2621 2828 2807 2891 quam

428 2900 535 2963 din
570 2900 719 2965 nihil
752 2906 1068 2980 occurrat,
1108 2900 1277 2981 quod
1308 2902 1730 2980 castigatione
1764 2902 2056 2966 videatur
2087 2919 2302 2982 egere.
2352 2901 2494 2967 Hoc
2526 2905 2812 2980 peracto,

423 2988 795 3053 renuntiant
826 2988 988 3069 Regi
1024 2989 1384 3068 Optimates
1416 2991 1643 3069 Regni,
1694 3008 1840 3055 esse
1878 2989 2010 3067 jam
2057 2988 2293 3054 factum
2343 2989 2424 3054 ab
2460 2986 2810 3054 Ordinibus

426 3076 823 3141 comitiorum
843 3078 1196 3157 decretum,
1215 3094 1530 3159 orareque
1547 3077 1826 3145 Ordines
1841 3096 2061 3143 omnes
2079 3095 2270 3158 prece
2291 3075 2804 3147 submississima,

428 3169 499 3227 ut
529 3164 665 3227 Rex
714 3164 777 3228 in
825 3165 1147 3229 comitium
1198 3164 1347 3229 velit
1390 3168 1607 3233 venire
1642 3185 1718 3231 ac
1750 3165 1994 3232 decreti
2029 3165 2444 3245 publicationi
2474 3166 2807 3229 interesse.

422 3251 518 3315 Re
565 3252 703 3316 Rex
750 3254 1026 3332 cognita,
1082 3254 1303 3318 eodem
1356 3254 1698 3335 splendore
1744 3254 1943 3334 regio,
2001 3254 2225 3319 eadem
2271 3272 2522 3334 pompa,
2573 3251 2798 3317 eodem

426 3339 751 3419 comitatu,
825 3360 948 3420 quo
1017 3342 1098 3406 ad
1160 3343 1659 3423 propositionem
1727 3343 2041 3407 edendam
2110 3342 2434 3422 veniebat,
2507 3341 2587 3405 ad
2640 3340 2807 3404 hunc

426 3432 634 3491 actum
682 3448 931 3508 quoque
983 3431 1169 3495 venit.
1217 3429 1337 3508 Qui
1385 3450 1525 3495 cum
1571 3433 1743 3497 inter
1789 3431 1992 3497 laetos
2021 3429 2238 3513 populi
2283 3432 2484 3495 001018
2513 3428 2808 3493 fremitus

423 3516 652 3593 regali,
716 3535 830 3596 pro
890 3535 1087 3597 more,
1153 3519 1448 3584 consedit
1501 3519 1675 3596 solio,
1736 3518 2062 3599 descripta
2119 3536 2282 3598 pure
2330 3536 2405 3583 ac
2461 3516 2809 3596 legibiliter

424 3601 739 3669 formulae
784 3604 1179 3685 exemplaria
1224 3606 1459 3671 dantur
1496 3599 1567 3685 ¹),
1614 3607 1778 3687 Regi
1813 3625 2003 3671 unum
2036 3612 2103 3671 et
2129 3606 2478 3671 Ordinibus
2510 3604 2804 3683 alterum,

426 3708 503 3754 ex
550 3692 745 3756 tertio
795 3710 945 3757 vero
995 3694 1355 3771 publicatur
1388 3696 1757 3775 patentibus
1803 3694 2042 3760 comitii
2073 3695 2336 3773 foribuS,
2383 3712 2462 3759 ex
2503 3697 2806 3773 suggestu

426 3799 465 3843 a
522 3779 727 3860 Regni
786 3779 1209 3846 vice-Scriba
1268 3784 1505 3849 factum
1564 3800 1792 3849 recens
1852 3782 2250 3848 comitiorum
2310 3784 2657 3848 decretum.
2721 3780 2810 3845 Et

427 3868 543 3931 hoc
580 3868 895 3948 absoluto,
944 3870 1049 3949 qui
1076 3870 1141 3934 id
1176 3870 1412 3935 tabulis
1437 3870 1644 3951 Regni
1677 3871 1758 3936 de
1781 3871 1978 3950 Regis
2010 3870 2452 3951 Ordinunique
2485 3871 2812 3934 voluntate

420 3954 694 4033 jubeant
723 3957 940 4037 inseri,
977 3958 1055 4021 ad
1092 3958 1350 4023 Archivi
1381 3959 1697 4039 custodes,
1738 3978 1815 4025 ex
1861 3959 2214 4024 nobilitatis
2247 3958 2492 4024 Ordine
2538 3963 2811 4036 utroque

426 4042 742 4123 (quamvis
812 4046 1439 4112 obmurmurantibus
1507 4048 1890 4127 quandoque
1958 4047 2357 4122 CivitatibuS,
2425 4051 2493 4111 et
2557 4045 2622 4109 in
2691 4046 2808 4109 1100

426 4149 693 4196 numero
725 4135 823 4199 sui
870 4153 1119 4215 quoque
1156 4136 1416 4201 Ordinis
1445 4135 1746 4216 delectos,
1795 4153 1978 4201 more
2025 4136 2194 4217 apud
2225 4134 2504 4213 maj0res
2550 4132 2808 4213 usitato,

424 4220 743 4287 interesse
810 4222 1050 4288 debere
1128 4220 1641 4304 dictitantibus)‚
1734 4224 1941 4288 nuntii
2010 4223 2436 4289 destinantur.
2519 4222 2812 4288 Peractis

426 4308 703 4391 denique
748 4309 923 4377 hisce
969 4311 1260 4379 omnibus
1308 4317 1375 4377 et
1413 4312 1573 4377 actis
1610 4308 1900 4391 concilio,
1947 4313 2028 4377 de
2074 4316 2330 4379 servato
2363 4312 2528 4389 Regi
2571 4309 2810 4377 honore

628 4509 671 4575 ¹)
713 4506 905 4563 Comit.
946 4524 1069 4563 ann.
1113 4512 1267 4567 1545.
