3350 5050
1188 477 1525 546 Respublica
1562 478 1801 546 Bojema.
1838 475 1971 542 Cap·
2007 475 2157 529 ΧῙῙῙ·
2728 483 2854 554 247

470 625 543 682 ιιι
588 623 659 683 et
699 617 767 698 ii,
832 621 941 698 qui
986 638 1129 684 cuni
1176 635 1407 696 magno
1450 617 1611 684 alias
1658 621 1726 682 et
1771 615 1962 682 docto
2009 617 2396 697 antiquario,
2457 622 2570 686 sed
2631 629 2853 701 poten-

472 707 710 771 tiorum
778 707 1079 771 fortunae
1146 706 1525 785 velificante,
1595 705 1858 784 Bojemo
1925 710 2216 787 mastyge
2277 725 2470 785 novo,
2539 715 2858 788 nugantur

469 793 713 859 habere
760 795 901 859 illos
940 795 1195 874 quidem
1228 795 1405 874 leges
1434 792 1789 872 nonnullae„
1824 800 1894 858 at
1925 791 2229 871 Slaviea3‚
2260 794 2530 876 iniquas,
2565 797 2858 871 crudeles

473 901 567 947 ac.
616 882 946 948 barbaras
1026 883 1380 963 Georgium
1448 883 1721 948 Beatum
1793 887 1862 946 et
1917 880 2190 946 'Petrum
2262 881 2608 964 Stierbam‚
2685 887 2856 952 viros

474 971 649 1036 naris
694 989 819 1038 non
866 989 1133 1052 prorsus
1178 971 1435 1050 obesae,
1488 969 1661 1035 haud
1707 969 1880 1034 idem
1939 988 2082 1034 cum
2141 969 2298 1050 ipsis
2342 973 2618 1038 sensisse
2679 980 2856 1039 certo

476 1065 577 1124 est
620 1060 882 1137 certius;
939 1077 1205 1138 quorum
1250 1058 1357 1124 ine
1401 1061 1772 1137 terrestres,
1820 1056 1922 1122 hic
1953 1055 2372 1138 municipales
2403 1058 2578 1140 leges
2609 1067 2862 1128 nostras

470 1167 551 1211 ex
582 1147 925 1213 vernacula
956 1146 1361 1225 Bojemoruin
1396 1147 1611 1226 lingua
1642 1145 1936 1212 iecerunt
1962 1145 2380 1226 germanicas.
2416 1147 2860 1227 ostenderunt

470 1234 517 1299 ii
562 1253 761 1316 opera
804 1234 925 1300 hae
968 1254 1107 1314 sua,
1154 1240 1285 1299 tam
1323 1233 1551 1313 justas,
1599 1240 1732 1298 tam
1779 1234 1996 1312 bonam,
2045 1239 2178 1298 tam
2225 1234 2414 1302 utiles
2459 1255 2603 1302 esse
2647 1238 2858 1317 gentis

472 1323 659 1402 hujus
720 1323 917 1403 leges,
986 1329 1057 1388 ut
1110 1340 1222 1386 eas
1288 1323 1481 1388 etiam
1550 1343 1591 1386 a
1634 1321 1930 1386 diversae
2003 1321 2258 1402 linguae
2303 1323 2664 1390 hominibus
2732 1325 2858 1406 legi

472 1411 911 1491 cognoscique,
968 1428 1374 1490 nequaquam
1420 1411 1901 1489 infructuosum,
1963 1428 2084 1476 nee
2127 1409 2204 1474 iis
2265 1413 2436 1492 apud
2493 1430 2650 1492 quos
2711 1417 2858 1478 sunt

474 1507 687 1576 natae,
740 1497 1108 1579 pudendum
1156 1499 1409 1564 censeri
1454 1499 1729 1576 debeat3
1780 1515 1946 1576 quae
1977 1499 2235 1562 tametsi
2267 1518 2497 1580 inagna
2541 1501 2638 1566 sui
2669 1507 2856 1581 parte

472 1589 537 1653 in
588 1587 840 1668 publico
884 1588 1081 1654 silere
1118 1587 1255 1667 Jam
1288 1605 1365 1652 ae
1410 1586 1537 1652 situ
1566 1585 1868 1665 squalere
1901 1586 2258 1666 videantur,
2309 1589 2604 1668 privatim
2641 1595 2860 1662 tamen

471 1674 739 1740 necdum
818 1676 1073 1756 penitus
1146 1674 1331 1755 ipsae
1400 1692 1522 1755 pro
1593 1691 1664 1738 se
1732 1672 1906 1752 loqui
1976 1691 2053 1739 ac
2119 1675 2622 1756 cavillatoribua
2699 1695 2858 1758 quos

472 1763 840 1842 memoravi,
889 1762 955 1826 in
1002 1781 1073 1828 os
1118 1763 1427 1828 resistere
1472 1761 1826 1828 desierunt.

1388 1959 1688 2064 cirum
1738 1991 1956 2062 xm.

1144 2145 1269 2216 De
1320 2141 1570 2238 Bojem
1580 2165 1788 2213 orum
1845 2140 2188 2215 C'mnitiis.

662 2297 712 2360 Ι.
760 2291 939 2356 Inter
978 2290 1309 2368 salutaria,
1356 2288 1904 2370 procurandisque
1933 2290 1998 2354 in
2033 2292 2368 2370 republica
2395 2289 2651 2356 socialis
2685 2294 2856 2364 vitae

474 2379 819 2444 commodis
850 2378 1061 2443 media
1092 2395 1361 2459 prorsus
1390 2377 1777 2458 necessaria,
1817 2397 1941 2443 non
1973 2384 2072 2442 est
2101 2384 2427 2458 postrema
2457 2380 2856 2452 comitiorum

468 2484 643 2533 cura.
716 2465 975 2533 Etenim
1046 2486 1185 2532 cuni
1246 2483 1565 2547 persaepe
1630 2465 1696 2531 in
1761 2465 2074 2548 populosa
2129 2467 2454 2533 hominum
2527 2469 2854 2549 societate,

470 2554 675 2633 qualis
735 2556 1097 2636 respublica
1160 2556 1363 2620 omnis
1424 2559 1543 2633 est,
1616 2554 1876 2633 negotia
1921 2556 2205 2621 incidant
2253 2555 2582 2637 complura
2628 2557 2852 2635 ardua,

468 2642 769 2723 difficilia,
829 2644 1071 2722 gravia,
1130 2662 1209 2708 ea
1274 2641 1738 2707 deliberatione
1799 2646 2110 2708 communi
2165 2650 2230 2709 et
2277 2662 2592 2709 consensu
2637 2646 2853 2725 populi

470 2732 751 2797 universi
798 2733 1020 2813 peragi
1082 2738 1274 2811 atque
1322 2730 1612 2811 expediri
1675 2736 1776 2795 est
1823 2749 2112 2811 aequum.
2163 2732 2399 2798 Libere
2446 2738 2679 2811 autem,
2741 2736 2853 2798 sed

470 2820 687 2885 sobrie
718 2838 987 2899 quoque,
1039 2819 1289 2885 dicendi
1322 2818 1382 2883 in
1418 2818 1517 2896 iis,
1567 2837 1732 2896 quac
1760 2821 1900 2898 quis
1923 2839 1958 2883 e
1984 2820 2315 2899 republica
2339 2840 2482 2885 esse
2509 2820 2852 2900 existimat,

462 2906 741 2973 facultas
788 2915 889 2973 est
934 2910 1219 2972 membro
1267 2926 1387 2971 non
1437 2907 1782 2971 temerario
1844 2908 2072 2986 cuique
2119 2908 2352 2986 danda,
2415 2914 2482 2973 et
2537 2908 2858 2989 postulata

460 2994 773 3074 cujusque
806 2995 969 3059 citra
997 2996 1481 3077 impeditionem
1513 2994 1856 3073 audienda,
1908 3000 2035 3059 tani
2069 3002 2142 3059 ut
2171 2997 2341 3075 quod
2374 3013 2596 3061 omnes
2631 2998 2852 3078 tangit,

466 3083 546 3148 ab
598 3084 889 3150 omnibus
952 3091 1320 3164 peragatur,
1378 3088 1447 3148 et
1494 3082 1601 3161 qui
1656 3081 1721 3147 in
1768 3102 2002 3163 inagna
2063 3090 2212 3148 sunt
2258 3085 2566 3164 potentia,
2629 3084 2852 3150 horum

466 3171 859 3236 comitiorum
922 3177 1096 3237 metu
1158 3172 1607 3237 contineantur
1664 3172 1731 3236 in
1791 3172 2035 3249 ordine,
2107 3190 2294 3251 quam
2352 3178 2424 3237 ut
2481 3172 2850 3239 libertatem

466 3259 699 3338 populo
762 3260 1037 3340 priscam
1095 3276 1455 3339 superesse,
1526 3258 1965 3339 illibatamque
2030 3262 2420 3338 conservari,
2481 3260 2604 3325 hoe
2667 3262 2854 3327 modo

464 3354 805 3427 appareat.
886 3348 1106 3428 Viguit
1170 3366 1429 3427 semper
1496 3347 1798 3427 vigetque
1866 3348 2178 3413 hactenus
2245 3349 2310 3412 in
2378 3347 2662 3428 Bojemia
2738 3349 2853 3415 hoc

468 3453 719 3515 quoque
770 3435 882 3513 jus
942 3442 1009 3500 et
1065 3436 1459 3500 comitiorum
1523 3435 1810 3501 libertas.
1871 3435 2200 3501 Restricta
2267 3454 2539 3516 namque
2597 3438 2661 3501 in
2734 3437 2856 3503 hoc,

469 3540 687 3601 regno.
721 3529 792 3587 ut
818 3524 1091 3589 diximus
1132 3516 1199 3599 ¹),
1236 3523 1629 3602 usqueadeo
1661 3529 1761 3587 est
1783 3523 2034 3602 Regum
2061 3530 2368 3604 potestaS,
2401 3528 2473 3588 ut
2495 3525 2854 3605 ubieunque

467 3612 547 3675 (le
575 3610 909 3690 republica
935 3612 1035 3675 vel
1057 3612 1257 3677 arduo
1285 3610 1677 3692 reipublicae
1705 3630 2080 3691 quocunque
2108 3614 2382 3692 negotio,
2430 3618 2530 3677 est
2561 3617 2849 3679 statuen-

465 3698 633 3775 duin,
671 3699 733 3761 in
760 3698 1027 3764 comitiis
1054 3700 1119 3763 id
1144 3705 1211 3763 et
1240 3698 1319 3763 de
1345 3699 1567 3779 populi
1589 3698 1914 3763 voluntate
1943 3699 2084 3764 fieri
2109 3704 2424 3780 oporteat.
2471 3699 2852 3767 Indieendo-

466 3805 603 3850 rum
653 3805 842 3866 porro
890 3787 1286 3853 comitiorum
1336 3794 1403 3851 et
1449 3786 1664 3867 populi
1713 3788 1792 3851 de
1841 3787 2128 3867 profanis
2172 3788 2370 3853 rebus
2411 3787 2493 3851 ad
2527 3789 2850 3854 delibera-

466 3876 671 3939 tiones
704 3892 1071 3939 communes
1106 3875 1492 3939 convocandi
1512 3875 1640 3954 ju3‚
1689 3880 1955 3955 praeter
1978 3875 2223 3955 Regem
2249 3875 2348 3939 vel
2375 3876 2437 3939 in
2463 3875 2850 3957 interregno,

462 3966 731 4042 praeter
800 3962 1143 4044 optimates
1212 3963 1415 4042 regni,
1486 3980 1854 4027 concessum
1925 3968 2025 4027 est
2091 3963 2350 4027 nemini.
2424 3963 2566 4029 Non
2637 3972 2850 4032 tamen

462 4068 689 4116 novum
738 4055 857 4130 est,
922 4068 1131 4131 neque
1193 4050 1373 4115 bonis
1430 4050 1696 4129 regibus
1748 4050 2030 4117 faciebat
2082 4068 2300 4131 aegre,
2365 4070 2506 4116 eum
2555 4055 2848 4134 populuS‚

462 4138 859 4219 reipublicae
884 4140 1307 4203 neccessitate
1328 4145 1735 4219 exposcente,
1765 4140 1862 4204 vel
1889 4157 2001 4204 eos
2027 4137 2108 4205 de
2132 4139 2550 4205 conventibus
2581 4142 2852 4221 agendis

462 4225 943 4307 interpellabat,
986 4228 1085 4292 vel
1118 4226 1313 4291 rebus
1346 4244 1589 4291 morani
1621 4244 1746 4290 non
1778 4226 2158 4303 ferentibuS,
2199 4228 2538 4306 regibusve
2568 4248 2848 4311 peregre

460 4313 858 4393 absentibuS,
909 4314 1177 4380 arbitrio
1226 4316 1365 4395 ipse
1416 4332 1529 4379 suo
1576 4315 2018 4381 conveniebat.

665 4508 709 4575 ¹)
752 4510 883 4576 Cap·
928 4508 993 4577 v,
1031 4512 1081 4575 §-
1120 4514 1171 4576 9,
1214 4512 1294 4577 10,
1334 4512 1420 4567 11.
