3350 5050
1365 567 1472 624 Tit.
1513 565 1633 625 xx,
1673 575 1729 622 et
1766 565 1913 622 XXI.
2752 566 2837 640 35

651 698 832 753 Causa
867 696 1103 753 efficiens
1141 698 1616 753 exheredationem
1655 706 1749 752 est¹
1776 705 2005 754 testator
2040 697 2123 752 vel
2160 697 2429 751 testatrix.

653 771 963 838 Subjectum
1003 777 1130 822 sunt
1165 771 1336 824 liberi.

651 841 928 909 ObJectum
971 848 1054 894 est
1088 843 1211 909 ipsa
1246 841 1538 910 hereditas,
1576 857 1608 894 a
1647 858 1756 910 qua
1794 843 1911 910 quis
1950 842 2269 896 excluditur.

656 915 850 968 Forma
889 921 1017 964 sunt
1053 913 1313 980 requisita
1349 913 1807 967 exheredationis.

648 985 800 1038 Finis
839 991 924 1038 est
959 985 1273 1038 hereditatis
1312 1001 1405 1037 seu
1437 985 1578 1051 juris
1616 984 1943 1037 succedendi
1983 987 2231 1054 privatio.

648 1065 892 1130 Causas
949 1064 1273 1145 legitimae
1333 1065 1850 1129 exheredationis
1911 1083 2185 1144 sequens
2240 1064 2462 1130 tabula
2526 1062 2831 1127 decla-rat.

648 1152 896 1217 Causae
943 1150 1482 1218 exheredationiS.
1532 1157 1806 1232 propter
1852 1169 2010 1232 quas
2051 1159 2355 1234 parentes
2402 1153 2641 1218 liberos
2688 1167 2837 1214 suos

451 1241 849 1306 exheredare
897 1247 1179 1321 possunt,
1229 1246 1377 1303 sunt
1431 1236 1527 1302 14.
1583 1240 1669 1305 Ut
1716 1243 1767 1304 si
1816 1240 1983 1305 filius

653 1327 696 1377 1.
721 1320 1044 1376 Parentibus
1065 1321 1176 1374 suis
1197 1337 1415 1388 gravem
1430 1321 1667 1387 aliquam
1688 1322 1933 1389 injuriam
1975 1329 2070 1376 aut
2088 1338 2278 1376 manus
2294 1322 2556 1377 violentas
2578 1319 2837 1373 intulerit.

657 1397 706 1450 2.
745 1391 1006 1447 Parentes
1043 1394 1096 1446 in
1134 1392 1499 1446 criminalibus
1547 1394 1727 1445 causis
1777 1395 2131 1462 accusaverit,
2169 1410 2307 1462 quae
2356 1411 2462 1448 non
2503 1395 2611 1446 sint
2647 1398 2838 1445 contra
2933 1378 2945 1390 ’

451 1466 748 1532 principem
785 1464 868 1518 vel
906 1463 1305 1533 rempublicam.

646 1541 696 1593 3.
735 1537 864 1590 Cum
904 1536 1160 1590 maleficis
1197 1535 1502 1589 hominibus
1544 1541 1800 1590 versetur.

652 1613 701 1665 4.
743 1608 903 1662 Vitae
940 1615 1225 1676 parentum
1265 1621 1482 1660 suorum
1522 1623 1620 1674 per
1659 1623 1915 1662 venenum
1956 1609 2067 1661 sive
2106 1607 2212 1662 alio
2251 1608 2408 1662 modo
2448 1607 2746 1660 insidietur.

653 1683 700 1736 5.
741 1677 1017 1734 Novercae
1057 1685 1154 1734 aut
1189 1679 1520 1732 concubinae
1560 1680 1733 1746 patris
1774 1680 1858 1733 sui
1897 1696 1954 1732 se
1993 1680 2350 1733 immiscuerit.

651 1756 698 1808 6.
737 1751 967 1805 Delator
1002 1757 1193 1804 contra
1229 1757 1482 1816 parentes
1521 1751 1806 1820 exstiterit,
1846 1759 1941 1804 aut
1978 1768 2075 1819 per
2112 1767 2263 1804 suam
2292 1750 2616 1804 delationem
2656 1747 2841 1816 gravia

455 1821 740 1889 dispendia
778 1839 870 1876 eos
911 1822 1100 1876 fecerit
1137 1822 1419 1876 sustinere.

655 1897 702 1950 7.
743 1893 906 1948 Patre
941 1895 1186 1961 conjecto
1225 1895 1280 1945 in
1321 1893 1549 1961 vincula,
1589 1894 1724 1947 nolit
1762 1910 1861 1960 pro
1900 1909 1961 1948 eo
2000 1893 2311 1960 fidejubere.

654 1971 702 2022 8.
741 1965 1088 2020 Prohibuerit
1125 1971 1376 2033 parentes
1415 1966 1646 2019 condere
1686 1971 2082 2018 testamentum.

653 2044 702 2095 9.
741 2036 964 2090 Praeter
1003 2037 1327 2091 voluntatem
1367 2043 1654 2104 parentum
1692 2037 1955 2090 arenariis
1996 2044 2093 2090 aut
2127 2038 2301 2090 mimis
2340 2052 2397 2090 se
2434 2038 2734 2093 sociaverit.

630 2115 707 2166 10.
747 2107 1061 2176 Neglexerit
1097 2116 1305 2176 patrem
1333 2125 1514 2161 senem
1553 2107 1859 2177 defendere,
1894 2108 1976 2161 vel
2012 2110 2275 2162 furiosum
2312 2125 2501 2163 curare
2540 2116 2595 2163 et
2619 2111 2847 2165 nutrire.

629 2187 708 2238 11.
750 2182 1032 2248 Captivum
1071 2187 1279 2248 patrem
1323 2197 1429 2233 uon
1469 2180 1772 2234 redemerit.

623 2256 706 2310 12.
744 2253 936 2306 Fuerit
972 2253 1244 2307 hereticus
1285 2258 1381 2305 aut
1419 2252 1753 2318 blasphema.

624 2329 704 2382 13.
747 2323 850 2377 Vel
885 2324 998 2378 filia
1035 2325 1170 2377 eitra
1209 2323 1538 2378 voluntatem
1579 2324 1661 2376 sui
1702 2325 1877 2390 patris
1916 2325 2135 2392 nuptias
2172 2324 2558 2376 contraxerint.

625 2400 704 2452 14.
744 2397 1017 2464 Denique,
1069 2397 1114 2449 si
1174 2395 1287 2448 filia
1341 2395 1543 2450 mavult
1582 2395 1851 2461 impudice
1904 2397 2105 2462 vivere,
2164 2410 2321 2462 quam
2374 2396 2605 2448 honesto
2662 2393 2845 2447 matri·

457 2482 926 2621 momoeffigrhis
974 2548 1185 2612 causis
1237 2548 1378 2610 vide
1423 2546 1540 2609 Jus
1587 2554 1873 2610 nostrum
1925 2546 2249 2625 Pragense
2309 2545 2427 2609 sub
2479 2544 2573 2609 lit.
2621 2544 2698 2608 E.
2737 2544 2842 2607 49.

461 2636 638 2700 Dist.
687 2636 734 2699 3
779 2642 846 2699 et
892 2654 1026 2716 seq.
1076 2640 1144 2701 et
1190 2630 1247 2711 ἓ.
1295 2635 1377 2698 ad
1423 2634 1588 2699 haec
1633 2634 1720 2698 N.
1772 2630 1949 2711 114.)

1093 2819 1217 2890 De
1267 2817 1677 2890 successione
1731 2818 1815 2890 ab
1866 2816 2211 2891 intestata

1377 2956 1693 3021 Titulus
1740 2956 1915 3021 XXI.

660 3066 1110 3148 Superioribus
1167 3064 1365 3129 titulis
1414 3066 1686 3131 diximus
1732 3067 1811 3131 de
1862 3065 2287 3144 testamentis,
2322 3068 2575 3145 quando
2608 3070 2854 3137 scilicet

462 3158 791 3222 hereditas
860 3174 977 3236 per
1049 3156 1212 3217 viam
1285 3156 1504 3220 testati
1574 3154 1900 3235 defertur;
1993 3156 2148 3219 item
2215 3154 2295 3218 de
2372 3155 2853 3237 impugnatione

463 3248 1014 3320 testamentorum,
1077 3247 1189 3305 aut
1247 3241 1748 3308 exheredatione
1794 3262 1907 3309 seu
1968 3244 2432 3323 praeteritione
2482 3242 2852 3312 liberorum.

463 3332 648 3397 Nunc
695 3332 1069 3409 videbimuS,
1120 3330 1434 3409 quomodo
1481 3330 1810 3395 hereditas
1858 3332 2047 3396 alicui
2096 3330 2395 3395 obveniat
2437 3350 2557 3411 per
2601 3352 2853 3400 succes-

461 3424 702 3487 sionem
751 3420 831 3484 ab
877 3420 1204 3483 intestato,

659 3508 780 3572 Est
828 3512 1040 3571 autem
1111 3507 1427 3571 successio
1500 3508 1580 3572 ab
1651 3506 1959 3570 intestato
2027 3505 2181 3570 nihil
2254 3505 2424 3571 aliud
2499 3526 2686 3587 quam
2750 3509 2856 3587 jus

473 3596 904 3676 acquirendae
937 3594 1320 3661 hereditatis
1351 3594 1539 3672 illius,
1577 3596 1684 3673 qui
1717 3594 1856 3657 sine
1887 3598 2271 3659 testamento
2307 3594 2564 3660 decedit
2613 3586 2858 3679 (1215.)

475 3685 629 3749 Sine
674 3689 1059 3748 testamento
1109 3690 1322 3747 autem
1375 3682 1692 3746 decedere
1740 3682 2011 3761 videtur,
2062 3684 2167 3761 qui
2215 3688 2327 3747 aut
2368 3686 2620 3749 omnino
2653 3693 2853 3751 testa-

475 3776 754 3838 mentum
825 3790 950 3837 non
1021 3772 1204 3851 secit3
1278 3777 1391 3834 aut
1456 3789 1578 3834 non
1620 3770 1770 3850 jnre
1830 3767 2010 3848 fecit3
2086 3776 2196 3833 aut
2256 3772 2321 3836 id
2363 3773 2531 3851 quod
2591 3774 2855 3856 fecerat,

457 3866 736 3951 ¹ruptum
768 3860 1149 3938 irritumque
1193 3860 1432 3923 factum
1465 3858 1584 3938 sit;
1635 3863 1746 3921 aut
1779 3857 1831 3941 si
1865 3875 1943 3921 ex
1974 3877 2049 3923 eo
2096 3877 2279 3922 nemo
2328 3858 2523 3925 heres
2579 3864 2864 3928 extiterit

467 3944 510 4028 ‘(
514 3949 592 4013 Ε.
639 3947 745 4014 22.
797 3938 1027 4029 ΕΒ.)
1073 3946 1192 4011 His
1239 3946 1426 4026 adde,
1493 3945 1746 4025 quando
1795 3949 2251 4010 testamentum
2292 3946 2690 4026 jndicialiter
2747 3970 2858 4032 op-

473 4041 850 4119 pugnatum,
899 4034 1106 4101 officio
1149 4034 1384 4114 judicis
1431 4032 1815 4099 annullatur.

673 4123 861 4205 Apud
909 4142 1024 4189 nos
1071 4124 1352 4203 quinque
1400 4128 1548 4187 sunt
1592 4122 2071 4187 succedentium
2120 4120 2396 4188 ordines.

677 4213 928 4277 Primus
1004 4216 1104 4277 est
1165 4210 1725 4288 descendentium,
1795 4211 1859 4274 id
1932 4217 2032 4275 est
2090 4210 2437 4277 liberorum
2520 4232 2597 4277 ex
2677 4214 2865 4295 justis

489 4302 727 4382 nuptiis
788 4300 1292 4380 progenitorum.
1361 4299 1824 4363 Intestatorum
1893 4299 2288 4365 hereditates
2355 4302 2630 4381 primum
2700 4306 2868 4370 omni

483 4389 634 4468 jure
682 4388 764 4452 ad
809 4406 957 4453 suos
987 4388 1262 4453 heredes
1309 4386 1653 4467 pertinent.
1696 4384 1809 4450 Sui
1846 4393 2059 4451 autem
2105 4387 2379 4454 heredes
2425 4391 2866 4473 aestimantur,

484 4479 588 4556 qui
658 4480 722 4541 in
791 4481 1116 4557 potestate
1191 4475 1520 4540 morientis
1589 4474 1861 4553 fuerint,
1934 4476 2127 4541 veluti
2192 4476 2359 4541 filius
2428 4476 2599 4558 filia,
2671 4499 2869 4561 nepos

484 4566 824 4647 neptisque
869 4584 949 4629 ex
993 4562 1146 4643 filio,
1178 4582 1500 4645 pronepos
1553 4564 2013 4644 proneptisque
2061 4583 2139 4628 ex
2171 4571 2407 4645 nepote
2454 4554 2565 4645 (F.
2606 4568 2645 4631 7
2680 4576 2735 4631 et
2762 4560 2869 4651 8.)

2380 4670 2477 4740 3.
