3350 5050
1586 519 1770 574 Index.
2787 522 2876 594 37

2737 654 2868 726 Pag.

500 749 874 820 quadrupede
911 750 1227 820 pauperiem
1264 747 1513 816 faciente,
1552 747 1822 818 quomodo
1859 747 2262 816 procedendum
2361 791 2729 804 .....
2803 753 2872 810 76

494 848 641 915 Quot
675 844 849 902 modis
888 845 1127 914 delinqui
1166 845 1341 913 possit
1376 883 2724 900 ................
2798 847 2870 903 64

488 943 759 1008 Quantum
802 946 1015 1007 tempus
1052 936 1355 992 homicidae
1393 937 1463 990 ab
1500 935 1720 1004 agnatis
1757 935 1926 1003 recipi
1964 936 2178 1004 possint
2265 976 2726 990 ......
2800 939 2869 992 '12

492 1077 677 1148 Rapta
713 1078 923 1147 raptori
960 1095 1031 1133 an
1071 1077 1248 1146 possit
1284 1077 1487 1131 nubere
1550 1114 2723 1129 ..............
2800 1078 2870 1133 68

486 1173 876 1239 Receptatores
915 1169 1171 1224 similiter
1208 1173 1269 1222 ut
1304 1167 1534 1222 malefici
1576 1167 1872 1236 puniuntur
1913 1209 2728 1223 ..........
2805 1171 2874 1226 74

492 1265 705 1321 Relatio
744 1263 874 1334 quid
932 1303 2546 1318 ...................
2585 1279 2592 1285 ·
2626 1305 2637 1316 .
2711 1305 2721 1316 .
2799 1265 2866 1322 57

494 1359 608 1414 Reo
646 1358 886 1414 extincto
924 1357 1260 1426 extinguitur
1296 1363 1351 1410 et
1388 1371 1566 1424 poena
1647 1397 2728 1414 .............
2801 1361 2872 1418 65

495 1449 939 1521 Repetundarum
977 1449 1179 1504 crimen
1288 1489 2727 1508 .................
2803 1455 2872 1510 79

500 1546 648 1600 Reus
686 1544 815 1615 quid
853 1550 909 1598 et
944 1543 1085 1598 unde
1124 1543 1339 1598 dicatur
1386 1583 2734 1601 ................
2842 1549 2876 1603 8

492 1637 593 1692 Rei
630 1637 865 1693 officium
904 1636 1101 1695 ibidem
1200 1676 2726 1692 ...................
2805 1671 2870 1679 —

380 1759 397 1768 ⁶
494 1735 640 1790 Reus
678 1734 975 1804 quotuplex
1012 1771 2720 1790 ....................
2835 1735 2869 1790 9

490 1827 637 1881 Reus
676 1826 731 1880 in
766 1825 963 1895 quibus
1001 1825 1216 1881 casibus
1254 1823 1619 1893 personaliter
1656 1837 1975 1890 comparere
2011 1821 2173 1878 debet
2269 1863 2642 1880 .....
2685 1829 2764 1894 Μ,
2809 1827 2872 1884 18

488 1920 652 1988 Reus,
696 1919 743 1972 si
777 1916 911 1988 vult,
950 1925 1130 1988 potest
1167 1919 1240 1974 ab
1278 1924 1461 1973 actore
1500 1917 1912 1972 satisdationem
1963 1922 2166 1984 petere,
2219 1921 2506 1987 antequam
2545 1917 2722 1973 libello

596 2012 927 2081 respondeat
1010 2055 1379 2069 .....
1380 2023 1390 2033 ·
1452 2055 1465 2068 .
1548 2054 1559 2066 .
1636 2053 1649 2066 .
1715 2061 1722 2068 .
1727 2051 2718 2067 ............
2795 2015 2860 2070 21

497 2149 779 2218 sacrilegii
814 2163 994 2218 poena
1030 2189 2728 2205 ....................
2803 2155 2871 2210 76

492 2244 674 2298 Satius
712 2248 798 2297 est
836 2249 1113 2298 nocentem
1154 2242 1452 2312 absolvere,
1491 2261 1649 2313 quam
1691 2243 2027 2298 innocentem
2066 2243 2426 2298 condemnare
2537 2286 2549 2298 .
2625 2285 2638 2297 .
2713 2286 2724 2297 .
2801 2247 2870 2303 66

490 2335 786 2392 Sat-isdatio
826 2335 953 2404 quid
1016 2377 2721 2394 ....................
2798 2339 2868 2395 20

494 2430 773 2486 Satisdure
810 2430 901 2500 qui
940 2435 1227 2484 teneantur
1263 2437 1320 2484 et
1354 2429 1447 2498 qui
1482 2445 1591 2484 non
1645 2472 2720 2486 .............
2795 2435 2857 2490 21

492 2526 697 2581 seditio
736 2524 883 2595 quid,
919 2529 975 2579 et
1011 2542 1151 2595 quae
1188 2524 1304 2593 ejus
1342 2540 1537 2593 poena.
1634 2567 2716 2582 .............
2792 2532 2862 2587 79

494 2623 725 2675 Senatus
764 2621 823 2675 C.
861 2621 1315 2677 Macedonianum
1354 2638 1451 2676 cur
1486 2620 1854 2675 introductum
1909 2661 2717 2675 ..........
2795 2626 2866 2679 48

494 2716 773 2771 Sententia
809 2715 959 2785 quid,
994 2715 1137 2770 unde
1175 2715 1404 2784 dicatur,
1442 2716 1742 2786 quotuplex
1829 2760 1841 2772 .
1917 2760 1928 2771 .
2006 2758 2017 2770 .
2093 2758 2106 2771 .
2177 2758 2190 2771 .
2269 2758 2280 2769 .
2357 2758 2368 2769 .
2445 2758 2456 2769 .
2531 2758 2542 2770 .
2619 2758 2654 2769 ..
2703 2759 2715 2771 .
2792 2716 2860 2775 57

492 2810 803 2865 Sententiae
840 2807 1154 2876 declaratio,
1191 2805 1410 2876 quando
1449 2813 1504 2861 et
1540 2808 1810 2877 quomodo
1849 2808 2087 2876 petenda
2177 2848 2188 2860 .
2263 2848 2277 2861 .
2354 2848 2365 2861 .
2444 2850 2454 2860 .
2528 2850 2540 2863 .
2577 2856 2586 2861 .
2619 2850 2632 2862 .
2667 2852 2676 2861 .
2707 2851 2720 2863 .
2794 2812 2865 2870 58

496 2904 805 2958 Sententiae
839 2918 978 2970 quae
1016 2902 1279 2957 attributa
1377 2942 2724 2958 ................
2797 2906 2864 2963 57

493 2996 775 3053 Servitutis
813 2996 1115 3064 promissae
1152 3000 1209 3049 et
1242 3011 1353 3050 non
1389 3002 1637 3051 servatae
1676 3012 1814 3065 quae
1853 3012 2030 3065 poena
2093 3036 2726 3051 ........
2800 3000 2868 3055 76

498 3092 693 3145 Servus
731 3090 895 3144 etiam
934 3090 1101 3145 invito
1140 3088 1356 3145 domino
1395 3088 1792 3145 matrimonium
1830 3088 2152 3167 contrahere
2191 3094 2374 3156 potest
2447 3132 2460 3143 .
2535 3132 2546 3142 .
2624 3131 2636 3143 .
2713 3130 2724 3143 .
2798 3092 2868 3147 44

494 3182 848 3238 stellionatus
885 3183 1087 3238 crimen
1125 3180 1255 3251 quid
1292 3186 1347 3235 et
1384 3181 1499 3251 ejus
1536 3197 1718 3261 poena
1825 3222 2194 3237 .....
2269 3224 2283 3261 .·
2355 3224 2724 3238 .....
2797 3184 2868 3241 80

498 3275 787 3344 Sponsalia
826 3274 973 3345 quid,
1010 3274 1349 3345 quotuplicia
1384 3281 1440 3329 et
1475 3291 1613 3345 quae
1651 3292 1836 3329 eorum
1874 3274 2138 3329 attributa
2181 3316 2191 3329 .
2267 3315 2278 3329 .
2307 3304 2312 3309 ·
2356 3318 2368 3331 .
2442 3318 2454 3330 .
2531 3318 2542 3330 .
2622 3270 2634 3329 .’
2710 3318 2722 3330 .
2775 3266 2868 3335 '46

498 3370 756 3435 stuprum
795 3367 942 3438 quid,
980 3368 1278 3439 quotuplex
1316 3374 1372 3423 et
1406 3384 1545 3438 quae
1582 3368 1700 3436 ejus
1736 3383 1912 3435 poena
2005 3408 2725 3423 .........
2799 3372 2866 3428 67

501 3460 785 3517 Subditum
822 3460 1053 3531 alicujus
1091 3460 1379 3517 detinentis
1418 3478 1593 3531 poena
1650 3502 2726 3517 .............
2803 3464 2872 3519 76

498 3553 907 3609 Succedentiurn
944 3554 1162 3611 ordines
1200 3560 1346 3623 quot,
1392 3559 1446 3608 et
1482 3554 1612 3623 quid
1650 3553 1922 3610 successio
1961 3556 2031 3610 ab
2068 3556 2324 3610 intestato
2447 3596 2459 3608 .
2535 3597 2546 3609 .
2624 3596 2636 3610 .
2715 3598 2726 3609 .
2801 3558 2873 3613 36

498 3648 778 3703 Successio
818 3648 926 3702 alia
962 3652 1047 3701 est
1086 3647 1140 3701 in
1178 3648 1377 3717 capita,
1415 3645 1524 3701 alia
1560 3648 1614 3701 in
1653 3648 1852 3716 stirpes
1916 3688 2728 3704 ..........
2804 3678 2869 3689 -

498 3784 751 3842 Termino
777 3787 1139 3855 peremptorio
1169 3786 1546 3854 praeterlapso
1575 3802 1684 3841 non
1707 3783 1869 3837 datur
1904 3783 2042 3839 alius
2081 3785 2186 3839 nisi
2210 3802 2276 3839 ex
2299 3784 2562 3839 beneflcio
2589 3783 2729 3851 juris
2802 3788 2871 3841 20

497 3880 543 3933 '1'
547 3886 903 3935 estamentum
941 3880 1072 3950 quid
1107 3887 1164 3935 et
1199 3879 1497 3950 quotuplex
1556 3919 1569 3933 .
1647 3921 1658 3933 .
1732 3920 1748 3963 .·
1825 3917 2728 3935 ...........
2801 3880 2870 3935 32

496 3973 903 4028 Testamentum
940 3973 1061 4043 quis
1100 3971 1334 4027 condere
1371 3974 1555 4039 potest
1645 4011 2725 4026 .............
2800 3998 2868 4011 -

494 4067 899 4121 Testamentum
928 4064 1053 4133 jure
1090 4064 1293 4118 factum
1331 4062 1601 4133 quomodo
1637 4062 1940 4117 infirmatur
2001 4104 2727 4119 .........
2799 4064 2870 4119 33

494 4162 965 4215 Testamentorum
1004 4158 1299 4228 publicatio
1337 4156 1587 4212 differtur
1624 4156 1694 4211 ad
1733 4161 1768 4215 4
1803 4154 2176 4211 hebdomadas
2267 4196 2727 4211 ......
2801 4156 2872 4211 34

496 4254 713 4309 Testari
749 4253 1047 4323 impediens
1086 4251 1392 4306 excluditur
1427 4266 1461 4304 a
1498 4251 1843 4305 successione
1917 4289 2730 4305 ..........
2801 4249 2871 4305 32

493 4347 689 4402 Testes
726 4348 907 4403 idonei
944 4346 1037 4417 qui
1077 4345 1329 4401 dicantur
1382 4382 2732 4400 ................
2805 4341 2875 4397 29

499 4440 693 4496 Testes
730 4447 860 4511 post
894 4439 1005 4495 litis
1044 4438 1491 4494 contestationem
1528 4436 1746 4506 quando
1783 4436 2012 4505 produci
2049 4444 2280 4505 possunt
2353 4476 2721 4492 .....
2803 4463 2867 4471 —-

502 4536 695 4589 Testes
735 4534 893 4589 citari
930 4532 1105 4589 solent
1141 4549 1239 4602 per
1276 4532 1495 4587 chartas
1534 4529 1802 4586 dissectas
1921 4571 2287 4587 .....
2285 4600 2293 4609 υ
2366 4570 2732 4585 .....
2814 4554 2874 4566 -·-
