3350 5050
1119 437 1453 504 Respublica
1489 438 1726 504 Bojema.
1766 435 1899 503 Cap.
1938 435 2086 491 XVI.
2663 434 2783 504 271

418 581 652 659 partim
700 577 1279 658 consuetudinum,
1342 596 1483 642 cum
1547 575 1628 642 de
1691 578 1898 644 causis
1957 577 2148 657 paulo
2202 582 2352 642 ante
2399 577 2788 656 memoratis,

421 677 553 735 tum
617 667 813 734 etiam
871 666 953 730 de
1006 666 1188 732 factis
1236 666 1722 749 provincialium
1771 666 2221 744 contractibus,
2283 685 2363 730 ex
2408 665 2795 746 obligatione

422 761 555 824 sive
626 755 873 820 verbali
944 757 1077 820 sive
1141 754 1690 836 chirographaria,
1762 775 1838 821 ex
1911 755 2217 838 stipulatu
2288 774 2404 836 pro
2475 753 2628 819 dote
2699 755 2796 818 vel

421 851 639 912 mutuo
687 843 1059 923 repetendo,
1132 844 1211 908 de
1282 842 1703 909 refundendis
1769 847 1833 910 in
1905 845 2080 911 lite'm
2145 843 2466 924 expensiS,
2537 847 2669 906 tum
2717 843 2798 916 de

418 933 819 1001 condictione
866 951 947 996 ex
993 933 1229 998 delicto
1280 934 1371 996 vis
1418 931 1708 1012 privatae
1759 934 2051 1014 quusvis,
2115 934 2398 1011 itemque
2461 949 2585 994 non
2645 931 2794 996 red-

421 1024 539 1088 diti
586 1025 732 1104 post
776 1020 1318 1086 denuntiationem
1366 1021 1615 1100 fugitivi
1657 1015 1724 1100 ¹),
1777 1022 2046 1103 aliisque
2093 1020 2428 1087 nonnullis,

614 1109 945 1189 Optantur
988 1128 1180 1189 porro
1220 1109 1471 1190 judices
1517 1110 1582 1171 in
1630 1109 1814 1190 hujus
1861 1112 1981 1175 loci
2028 1109 2318 1189 collegia,
2365 1109 2618 1188 Pragae
2655 1110 2792 1190 qui-

428 1200 573 1264 dem
621 1217 661 1260 a
704 1199 1097 1276 Burggravio
1146 1197 1455 1277 Pragensi
1500 1216 1799 1278 supremo
1862 1191 1932 1272 (a
1993 1218 2116 1279 quo
2180 1197 2473 1263 similiter
2533 1203 2600 1262 et
2654 1196 2796 1278 ipse

420 1287 663 1354 consilii
709 1303 977 1365 praeses
1023 1288 1189 1352 arcis
1238 1286 1583 1365 Pragensis
1630 1287 2084 1368 BurggraviuS,
2148 1287 2256 1366 qui
2309 1287 2514 1350 minor
2560 1302 2791 1366 cogno-

418 1377 715 1453 minatur,
777 1373 904 1452 legi
960 1368 1171 1454 solet),
1238 1372 1545 1439 Hradecii
1608 1393 1761 1440 vero
1821 1394 1899 1440 ex
1957 1376 2220 1456 reginae
2281 1373 2790 1438 usufructuariae

422 1465 667 1530 calculo
715 1483 833 1544 per
878 1463 1123 1544 Regem
1171 1466 1398 1546 ipsum.
1446 1463 1704 1529 Judicio
1750 1463 1898 1528 huic
1941 1465 2178 1542 neutri,
2228 1469 2449 1528 contra
2495 1480 2682 1542 quam
2727 1463 2792 1526 in

422 1553 566 1619 aliis
612 1552 1010 1630 observatur,
1074 1561 1327 1632 tempus
1388 1559 1635 1617 certum
1691 1553 1938 1633 legibus
1987 1559 2086 1618 est
2138 1549 2522 1634 praefixum:
2587 1551 2792 1630 Burg-

423 1641 647 1722 gravii,
707 1647 933 1720 utpote
981 1640 1320 1718 PraesidiS,
1384 1641 1704 1707 arbitratu
1752 1640 1841 1719 id,
1902 1641 2152 1720 quoties
2214 1649 2281 1705 et
2339 1638 2640 1720 quamdiu
2699 1645 2798 1702 est

420 1748 601 1812 opuS,
648 1729 1119 1809 frequentat-ur.
1168 1728 1371 1794 Affine
1420 1728 1565 1794 huic
1602 1729 1846 1810 judicio
1893 1731 2395 1810 Burggraviatus
2429 1725 2792 1807 PragensiS,

422 1825 523 1885 est
558 1817 865 1897 judicium
912 1817 1129 1882 finium
1176 1817 1630 1897 regundorum,
1682 1818 1869 1884 Saud
1895 1820 2118 1897 mezni,
2169 1817 2335 1897 quod
2381 1822 2562 1882 vetus
2609 1813 2788 1895 equi-

424 1907 571 1972 dem
648 1905 761 1970 sed
834 1905 1323 1970 ambulatorium
1394 1913 1513 1984 est,
1584 1913 1649 1971 et
1697 1905 2089 1972 ordinarium
2151 1923 2230 1971 ex
2277 1903 2792 1970 extraordinario

424 1995 679 2060 demum
744 1993 825 2058 ab
890 1992 1052 2074 Imp.
1124 1995 1307 2058 Caes:
1371 1994 1706 2076 Rudolpho
1767 1995 1948 2076 Rege
2017 1984 2200 2076 (ann.
2263 1983 2472 2074 1600)
2541 1989 2796 2070 factum,

420 2084 733 2165 pauloque
756 2089 903 2163 post
924 2070 970 2158 (
963 2105 1107 2148 ann.
1139 2074 1349 2160 1601)
1376 2084 1456 2147 ab
1484 2082 1839 2150 Ordinibus
1867 2084 2182 2148 universis
2213 2083 2280 2147 in
2311 2081 2582 2162 publicis
2605 2082 2791 2160 regni

420 2171 691 2238 comitiis
740 2171 1233 2250 comprobatum.
1306 2172 1577 2252 Regitur
1644 2171 1804 2237 illud
1870 2171 2166 2252 repetitis
2229 2191 2306 2235 ex
2368 2169 2794 2236 vetustissimo

420 2279 559 2338 usu,
630 2257 1053 2340 similiterque
1100 2278 1307 2340 nuper
1352 2259 1599 2326 demum
1651 2261 1715 2325 in
1765 2260 2056 2326 ordinem
2105 2279 2144 2324 a
2187 2257 2430 2324 Jacobo
2477 2257 2792 2322 Menssico

418 2349 699 2415 redactis
742 2347 996 2426 legibus
1043 2347 1489 2428 singularibuS,
1550 2348 1984 2428 Jigidiuseulis
2029 2365 2181 2414 sane
2227 2346 2352 2410 illis
2398 2353 2464 2411 et
2509 2346 2790 2411 severio-

419 2437 615 2503 ribus.
664 2435 746 2500 Ei
792 2435 1152 2501 exercendo
1200 2437 1450 2516 quoties
1496 2455 1655 2517 opus
1697 2442 1797 2501 est
1827 2445 1896 2501 et
1925 2456 2046 2518 per
2077 2437 2226 2501 anni
2255 2443 2510 2515 tempus
2539 2433 2691 2498 licet
2716 2425 2790 2512 ²),

420 2526 689 2605 Magnus
719 2525 925 2603 Regni
960 2524 1233 2591 Senatus
1278 2525 1357 2589 ab
1404 2543 1481 2591 eo
1532 2525 1710 2605 cujus
1755 2526 1915 2592 fines
1960 2545 2082 2608 per
2129 2526 2402 2591 vicinum
2449 2521 2794 2590 turbantur

417 2613 885 2695 interpella-tue,
950 2612 1413 2693 Burggravium
1461 2616 1629 2679 arcis
1675 2614 2015 2694 Pragensis
2062 2614 2338 2693 delegat,
2399 2613 2508 2693 qui
2556 2609 2794 2689 junctis

422 2704 543 2767 sibi
604 2700 851 2768 duobus
913 2702 1198 2781 ejusdem
1260 2702 1544 2768 subsellii
1592 2704 1990 2781 consiliariiS‚
2055 2703 2405 2782 excitisque
2454 2706 2796 2780 praeterea

419 2790 499 2856 ad
572 2788 740 2855 diem
812 2807 889 2853 ex
962 2791 1166 2855 vicina
1227 2788 1484 2855 Ordinis
1554 2791 1883 2871 utriusque
1944 2792 2274 2857 nobilitate
2335 2790 2488 2854 viris
2549 2787 2794 2853 idoneis

420 2876 777 2955 duodecim,
827 2876 910 2942 de
956 2876 1188 2943 finibus
1238 2880 1664 2945 controversis
1712 2898 2018 2961 praesens
2064 2898 2179 2960 pro
2223 2897 2402 2944 more
2435 2882 2796 2958 cognoscat,

418 2966 854 3044 terminosque
926 2966 1025 3030 vel
1095 2972 1355 3033 veteres
1423 2970 1726 3033 restituat
1791 2968 1892 3033 vel
1964 2969 2015 3033 si
2085 2967 2176 3033 illi
2237 2985 2359 3032 non
2423 2970 2796 3047 appareant,

415 3072 613 3119 novos
640 3059 903 3119 statuat.
950 3054 1245 3133 Cognitio
1294 3055 1355 3119 in
1405 3058 1707 3135 tentorio,
1759 3058 1927 3137 quod
1975 3059 2038 3123 in
2087 3055 2320 3123 actoris
2367 3073 2521 3135 agro
2565 3050 2797 3117 finibus

417 3144 850 3209 controversis
896 3144 1185 3223 proximo
1232 3145 1413 3209 tendi
1460 3146 1563 3208 lex
1602 3145 1808 3224 jubet,
1855 3145 2080 3212 haberi
2127 3146 2207 3211 de
2251 3144 2368 3209 lite
2417 3143 2598 3207 solet.

612 3230 689 3293 V.
769 3230 1075 3297 Tribunal
1144 3231 1523 3310 judiciorum
1598 3237 2012 3301 terrestrium
2089 3234 2358 3299 alteriun
2428 3237 2546 3311 est,
2622 3228 2792 3310 quod

415 3319 646 3399 MinuS,
724 3318 913 3384 Saud
956 3319 1227 3405 Zemsky'
1284 3321 1507 3402 mendi,
1581 3330 1862 3389 vocatur.
1933 3322 2216 3388 Vocatur
2286 3328 2498 3387 autem
2566 3318 2793 3397 minuS,

284 3404 297 3412 ⁰
414 3426 555 3472 cum
634 3408 805 3486 quod
880 3407 961 3471 de
1038 3409 1297 3474 minoris
1373 3412 1677 3476 momenti
1753 3413 1958 3477 causis
2027 3412 2366 3491 cognoscit,
2443 3416 2574 3473 tum
2644 3406 2794 3486 quia

416 3494 681 3561 Senatui
757 3513 988 3575 magno
1058 3504 1315 3575 praesto
1390 3504 1455 3561 et
1521 3499 1832 3580 imprimis
1903 3499 2280 3579 optimatum
2352 3497 2535 3575 regni
2597 3493 2792 3574 jussis

416 3582 683 3649 audiens
738 3602 879 3649 esse
936 3590 1211 3651 tenetur.
1278 3584 1525 3651 Sedent
1570 3587 1635 3651 in
1683 3586 1788 3652 illo
1847 3586 2156 3651 Uv‘ednici
2199 3586 2381 3651 Desk
2429 3581 2791 3665 Zemeky'ch,

416 3690 633 3736 omnes
701 3690 781 3735 ex
850 3679 1141 3737 vet-ustae
1210 3672 1559 3738 nobilitatis
1627 3678 2056 3753 equestribus,
2132 3676 2270 3739 loco
2344 3673 2550 3754 primo
2622 3670 2791 3736 arcis

414 3759 757 3840 Pragensis
818 3760 1277 3840 Burggravius‚
1350 3763 1627 3827 secundo
1686 3762 2307 3841 vice-Camerarius,
2377 3760 2570 3826 tertio
2637 3756 2790 3823 Pro-

417 3847 691 3913 Praetor
744 3868 861 3913 seu
904 3848 1325 3927 Vice-Judex,
1388 3852 1493 3929 qui
1538 3850 1820 3916 ‘consiliis
1856 3846 2202 3917 'tribunalis
2247 3850 2434 3929 hujus
2481 3856 2549 3915 et
2595 3847 2790 3913 actio-

414 3936 601 4001 nibus
646 3937 938 4002 omnibus
984 3936 1373 4017 moderatur,
1448 3946 1675 4018 quarto
1723 3940 2163 4016 vice-Scriba,
2237 3940 2456 4019 quinto
2503 3936 2790 4017 Reginae

413 4024 869 4105 mandatariuS‚
916 4030 1097 4089 sexto
1144 4026 1623 4091 Subcamerarii
1668 4027 1937 4109 legatus.
2001 4028 2359 4093 Adhibetur
2403 4026 2594 4093 etiam
2645 4042 2792 4090 con-

413 4112 571 4177 siliis
632 4112 995 4179 tabularum
1055 4112 1261 4195 Regni
1322 4115 1636 4180 minorum
1694 4114 1939 4195 Scriba,
2002 4117 2106 4196 qui
2169 4123 2516 4197 propterea
2565 4111 2792 4178 Scriba

404 4198 632 4279 judicii
679 4200 941 4267 minoris
988 4202 1149 4267 solet
1178 4203 1434 4282 audire3
1486 4222 1706 4269 verum
1752 4205 1806 4267 is
1853 4203 2058 4271 locum
2105 4203 2302 4269 habet
2346 4203 2410 4268 in
2459 4201 2788 4280 cathedra,

414 4306 539 4354 non
586 4288 651 4355 in
700 4288 1057 4368 subselliis;
1118 4297 1299 4356 notat
1344 4292 1830 4373 conscribitque,
1886 4311 2050 4373 quae
2097 4298 2378 4373 aguntur
2421 4309 2540 4373 pro
2586 4289 2790 4357 tribu-

616 4478 665 4546 ¹)
705 4478 913 4549 Regist.
954 4480 1383 4549 Burggraviatus
1423 4482 1657 4538 Hradec.
1731 4482 1782 4549 ²)
1822 4482 2016 4541 Gemit.
2055 4500 2179 4538 ann.
2223 4486 2377 4545 1585.
