3350 5050
516 481 597 550 16
1309 476 1374 530 V.
1418 472 1755 544 ophthalmii
1790 470 2103 528 Processns.

1256 694 1379 766 De
1430 692 1656 765 libello
1709 690 2157 764 acc-matoria

1457 860 1801 927 Titulus
1847 860 1957 926 VI.

710 996 872 1074 Quia
918 1014 1028 1061 reo
1077 998 1494 1075 comparente
1541 993 1797 1059 libellus
1833 993 2274 1060 accusatorius
2365 1012 2438 1059 ro
2469 992 2593 1058 fori
2626 1012 2896 1060 consue-

518 1087 738 1150 tudine
805 1083 1120 1150 adversus
1179 1085 1386 1163 ipsum
1434 1083 1648 1147 editur
1706 1071 1821 1162 (A.
1874 1083 1975 1146 45.
2028 1081 2203 1147 Diat.
2252 1082 2313 1148 3.
2360 1134 2378 1162 ,
2424 1082 2695 1161 ideoque
2758 1089 2907 1163 post

516 1173 981 1238 contumaciam
1031 1173 1210 1237 citati
1257 1189 1380 1236 non
1418 1171 1866 1252 comparentis,
1915 1170 2118 1235 visum
2159 1169 2279 1234 fuit
2326 1171 2403 1235 de
2451 1169 2665 1236 libello
2715 1189 2903 1236 accu-

523 1262 763 1327 satorio
813 1262 917 1327 hic
960 1279 1168 1341 pauca
1215 1259 1548 1339 subjicere.

713 1350 967 1415 Dicitur
1037 1354 1251 1414 autem
1321 1347 1572 1412 libellus
1655 1346 2099 1413 accusatorius
2185 1348 2399 1413 brevis
2470 1351 2536 1411 et
2604 1348 2903 1413 ordinata

517 1439 855 1519 scriptura,
906 1437 1144 1502 claram
1194 1436 1528 1500 continens
1575 1440 1641 1500 et
1663 1435 1864 1515 judici
1898 1439 1966 1520 et
1995 1435 2168 1516 parti
2201 1435 2648 1500 demonstrans
2693 1437 2902 1502 inten-

519 1526 754 1591 tionem
803 1525 1053 1606 agentis
1104 1525 1200 1588 vel
1248 1524 1629 1588 accusantis
1679 1515 1797 1604 (B.
1848 1521 1950 1602 9.)

721 1615 812 1678 De
847 1615 1006 1678 Jure
1055 1612 1383 1678 Communi
1434 1610 1669 1692 duplex
1718 1618 1820 1676 est
1864 1611 2157 1677 libellus:
2212 1611 2391 1677 Unus
2440 1613 2899 1692 accusatoriuS,

521 1702 627 1782 qui
676 1702 1004 1783 inscriptio
1052 1708 1496 1780 nuncupatur3
1550 1699 1719 1764 alter
1752 1700 2253 1765 conventionalis
2284 1720 2397 1764 seu
2429 1702 2905 1780 postulatorius,

521 1792 624 1870 qui
676 1792 738 1855 in
790 1790 1077 1854 civilibus
1117 1791 1324 1856 causis
1372 1789 1762 1866 inst.ituitur;
1816 1794 1881 1853 et
1926 1789 2130 1869 primo
2178 1795 2442 1869 propter
2478 1797 2787 1870 actorem,
2837 1796 2912 1853 ut

514 1878 618 1957 Jus
665 1897 846 1942 suum
894 1878 959 1942 in
1007 1897 1080 1942 eo
1113 1895 1326 1942 coram
1369 1876 1588 1957 judice
1633 1875 1957 1951 declarem
2008 1875 2242 1941 deinde
2276 1881 2543 1957 propter
2587 1896 2787 1956 reum,
2838 1883 2909 1942 ut

522 1983 601 2031 ex
649 1986 724 2032 eo
776 1967 1007 2031 instrui
1055 1966 1274 2046 possit,
1325 1984 1404 2028 an
1453 1963 1548 2028 liti
1599 1965 1829 2029 cedere
1882 1964 1981 2028 vel
2027 1965 2414 2029 contendere
2463 1965 2653 2045 velit3
2715 1967 2907 2031 tertio

522 2055 790 2120 offertur
835 2062 1104 2134 propter
1147 2053 1450 2132 judicem,
1498 2057 1571 2115 ut
1615 2052 1999 2116 sententiam
2045 2051 2261 2117 libello
2301 2051 2687 2120 conformem
2733 2052 2907 2118 ferre

523 2149 736 2222 queat.
787 2133 903 2220 (B.
956 2141 1058 2206 87.
1115 2141 1286 2207 Diet.
1342 2132 1441 2219 1.)
1890 2173 1895 2182 ·

725 2243 982 2296 Efficiens
1034 2259 1201 2296 causa
1257 2240 1426 2295 libelli
1479 2248 1564 2293 est
1600 2243 1716 2310 ipse
1756 2249 1923 2310 actor,
1976 2243 2058 2295 vel
2094 2248 2297 2306 orator.
2349 2245 2444 2296 ant
2480 2242 2787 2296 causidicus
2828 2242 2910 2295 vel

523 2315 878 2369 ferendariuS.

721 2387 1032 2453 Snbjectnm
1072 2391 1156 2438 est
1190 2384 1470 2453 obligati0‚
1511 2401 1618 2452 qua
1655 2384 1857 2453 aliquid
1898 2385 2140 2440 debetur.

725 2459 1009 2525 objectum
1050 2465 1134 2510 est
1171 2473 1420 2526 pasena,
1459 2473 1546 2510 res
1585 2463 1640 2510 et
1677 2455 1895 2526 factum,
1934 2457 2077 2526 quod
2119 2459 2171 2510 in
2210 2474 2273 2511 eo
2315 2456 2615 2512 deducitur.

721 2532 917 2583 Forma
967 2536 1094 2582 sunt
1141 2529 1522 2597 solennitates,
1574 2545 1714 2598 quae
1766 2530 1819 2582 in
1873 2546 1935 2583 eo
1976 2530 2337 2598 requiruntur.
2386 2528 2461 2581 Et
2496 2537 2626 2584 sunt
2671 2531 2738 2584 de
2776 2529 2910 2583 Jure

524 2603 802 2656 Communi
845 2601 1118 2669 duplices:
1170 2601 1522 2669 lntrinsecae,
1559 2607 1620 2653 ut
1656 2602 1896 2655 narratio
1938 2600 2080 2669 facti,
2136 2618 2303 2655 causa
2342 2601 2579 2671 petendi,
2630 2601 2906 2655 conclusio

523 2692 618 2727 seu
657 2674 861 2742 petitio,
900 2689 1040 2741 quae
1077 2678 1204 2726 sunt
1241 2672 1306 2726 de
1349 2672 1658 2725 substantia
1682 2670 1879 2739 libelli3
1914 2680 1967 2725 et
1992 2674 2343 2742 extrinsecae,
2382 2678 2443 2724 ut
2477 2690 2671 2727 nomen
2688 2672 2909 2741 judiciS,

524 2747 723 2799 actoris
763 2751 818 2798 et
855 2746 931 2798 rei
969 2752 1088 2814 etc„
1122 2760 1260 2813 quae
1298 2750 1425 2796 sunt
1479 2750 1687 2797 tantum
1727 2744 1795 2797 ad
1836 2746 1970 2797 bene
2009 2760 2128 2797 esse
2167 2744 2350 2813 libelli,
2384 2752 2439 2796 et
2476 2745 2626 2798 hisce
2664 2744 2910 2798 versibus

535 2818 879 2871 continentur
895 2838 906 2869 :
1960 2874 1967 2884 ¹

863 2889 1015 2955 Qum,
1064 2886 1209 2955 quid,
1245 2902 1426 2940 coram
1466 2904 1591 2956 quo,
1641 2905 1747 2955 quo
1783 2888 1907 2955 jure
1947 2894 2168 2955 petatur
2214 2894 2270 2940 et
2305 2905 2338 2941 a
2381 2905 2517 2957 quo:

865 2967 1011 3012 recte
1049 2959 1379 3025 compositus
1419 2960 1646 3027 quisque
1685 2959 1899 3013 libellus
1946 2960 2125 3013 habet.

719 3032 871 3084 Finis
908 3029 1072 3083 libelli
1129 3036 1228 3097 est,
1279 3037 1340 3082 ut
1365 3030 1534 3097 judex
1573 3038 1627 3083 et
1664 3047 1790 3085 reus
1828 3048 1895 3085 ex
1942 3048 2005 3084 eo
2046 3031 2112 3085 de
2140 3030 2265 3097 jure
2306 3032 2507 3085 actoris
2547 3032 2901 3085 instruantur.

727 3146 919 3211 Tales
966 3147 1161 3213 libelli
1198 3126 1270 3212 'in
1319 3148 1458 3213 soro
1507 3156 1727 3213 nostro
1776 3167 1901 3214 non
1947 3150 2013 3213 in
2071 3149 2361 3229 scriptis,
2434 3148 2548 3213 sed
2606 3154 2908 3212 oretenus

525 3235 772 3299 institui
820 3242 1328 3316 consueverunt,
1390 3236 1538 3301 dum
1603 3242 1787 3301 actor
1844 3237 2263 3301 intentionem
2326 3255 2507 3303 suam
2554 3255 2675 3317 per
2718 3235 2915 3301 verba

529 3340 815 3402 congrua
847 3324 1160 3406 declarat,
1199 3324 1597 3405 implorando
1641 3343 1837 3405 super
1860 3324 2112 3404 justitia
2146 3325 2653 3391 administranda
2677 3323 2913 3404 judicis

519 3411 866 3491 judicium;
930 3413 993 3476 in
1057 3412 1224 3476 hunc
1279 3414 1416 3477 fere
1463 3413 1759 3491 modum,
1832 3413 2084 3492 quando
2145 3414 2226 3477 ad
2274 3414 2371 3479 rei
2420 3412 2913 3478 vindicationem

542 3500 682 3578 quis
728 3500 1004 3565 intendit
1052 3494 1166 3578 (A.
1220 3503 1279 3567 4.
1332 3501 1512 3565 Dist.
1544 3500 1602 3566 3.
1607 3491 1684 3581 ):

726 3611 1240 3677 Prudentieeime
1273 3612 1431 3678 dom.
1471 3610 1709 3692 conoul,
1743 3634 1980 3700 vosque
2006 3612 2247 3677 caeteri
2277 3620 2606 3679 senatores
2640 3609 2915 3696 amplia-

527 3698 678 3762 aimi
704 3701 732 3763 l
792 3700 1022 3765 Coram
1081 3700 1260 3765 vobia
1325 3698 1535 3765 Titius
1607 3702 1916 3786 proponit
1996 3699 2317 3765 adversus
2366 3699 2815 3786 Sempronium
2864 3705 2921 3764 et

526 3810 961 3877 quamcunque
1008 3810 1363 3873 personam
1402 3810 1530 3872 pro
1580 3810 1648 3852 eo
1694 3789 1968 3876 leyitime
2011 3788 2080 3853 in
2118 3788 2373 3873 judicio
2429 3796 2919 3873 comparentem,

529 3876 699 3962 quod
756 3875 1034 3941 indebite
1103 3885 1159 3940 et
1232 3877 1464 3959 injuate
1531 3885 1741 3942 teneat
1810 3899 1889 3942 ac
1950 3876 2299 3959 poeaideat
2346 3875 2635 3965 fundum
2712 3900 2915 3956 auum,

534 3964 734 4031 tiendo
784 3965 977 4029 Lucii
1033 3955 1136 4042 (in
1199 3965 1323 4030 tali
1381 3964 1486 4029 vel
1541 3965 1666 4029 tali
1724 3957 1895 4044 loco)
1951 3964 2422 4030 adhaerentem.
2492 3964 2621 4042 Qui
2666 3964 2920 4052 quidem

506 4050 776 4139 fundae
823 4054 918 4117 ad
960 4053 1412 4136 eupradietum
1469 4051 1720 4117 Titium
1754 4054 1925 4138 justo
1972 4052 2174 4133 titulo,
2234 4076 2458 4138 nempe
2516 4052 2918 4132 hereditatis,

517 4141 824 4225 pertinet.
896 4140 1095 4218 Quam
1161 4150 1370 4205 autem
1433 4141 1618 4205 toties
1679 4142 1951 4206 monitae
1977 4139 2267 4229 fundum
2321 4143 2557 4207 dictum
2592 4162 2920 4226 praeaena

532 4228 952 4312 Semproniae
1037 4226 1217 4293 Titio
1276 4228 1641 4294 restitutere
1697 4236 1963 4311 recuset,
2010 4230 2207 4318 idque
2260 4229 2331 4295 in
2390 4231 2687 4295 damnum
2736 4228 2920 4294 illiue

529 4318 709 4383 haud
737 4318 1086 4383 modicum.-
1119 4317 1265 4381 ideo
1295 4341 1419 4402 per
1441 4326 1729 4382 vestram
1758 4318 2133 4383 sententiam
2157 4318 2553 4403 definitivam
2584 4317 2923 4384 declarari

526 4405 690 4490 petit
727 4404 968 4486 Titiae,
997 4402 1288 4493 fundum
1323 4407 1709 4470 nominatum
1740 4408 1835 4471 ad
1862 4430 1932 4471 ae
1952 4406 2309 4491 pertinere,
2349 4406 2799 4491 Sempronium
2890 4428 2922 4468 e

524 4494 695 4579 juria
741 4494 1038 4559 remidiie
1087 4494 1184 4559 ad
1226 4494 1688 4559 restituendum
1744 4494 1937 4559 talem
1965 4493 2255 4582 fundum
2312 4495 2621 4580 compelli.
2696 4493 2768 4558 In
2802 4427 2916 4558 {ia
