3350 5050
578 459 707 530 252
1629 457 1900 512 smnskii

582 597 820 676 debito,
886 597 1096 679 deque
1140 598 1465 663 exantlato
1530 597 1934 665 comitiorum
1991 599 2215 665 labore
2273 598 2562 678 molesto,
2623 601 2976 680 composita

585 704 738 752 voce
808 687 1055 766 gratiis,
1131 693 1509 752 conventum
1573 685 1838 751 dimittit
1895 687 2329 767 Burggravius
2388 687 2760 770 Supremus.
2834 687 2973 752 Rex

580 792 733 839 vero
803 779 1031 855 postea
1099 792 1287 853 quam
1351 774 1621 856 Regiam
1695 776 2096 841 clementiam
2167 793 2349 840 suam
2419 795 2668 841 omnem
2736 775 2970 856 populo

582 861 879 928 universo
944 863 1125 928 brevi
1196 881 1447 942 quoque
1517 862 1796 942 alloquio
1865 862 2008 946 ipso
2063 862 2313 944 detulit,
2383 865 2732 944 consurgit,
2801 867 2870 928 et
2931 881 2971 928 e

580 951 835 1016 comitio
904 950 1242 1016 discedens
1313 970 1353 1015 a
1415 950 1624 1030 Regni
1688 949 1950 1030 Senatu,
2022 951 2366 1032 populique
2438 951 2824 1033 primoribus
2893 969 2971 1015 ac

581 1039 855 1105 caeteris
902 1039 1089 1104 aulae
1136 1037 1559 1103 familiaribus
1603 1039 1668 1102 in
1716 1039 2006 1120 Regiam,
2071 1057 2212 1104 cum
2257 1039 2425 1108 festa
2475 1040 2649 1122 vulgi
2694 1040 2966 1104 circum-

580 1126 813 1192 stantis
858 1125 1307 1206 glutinatione,
1356 1126 1714 1192 deducitur.

1498 1384 1796 1456 CAPUT
1845 1385 2047 1452 XIV.

770 1557 896 1630 De
946 1556 1372 1630 inmanibus
1419 1581 1535 1628 seu
1604 1554 1891 1656 Officiis
1929 1555 2238 1653 publicis
2286 1555 2368 1628 in
2419 1555 2778 1650 Boy‘emia.

778 1725 826 1790 1.
889 1727 961 1790 ln
1025 1725 1382 1792 ordinanda
1441 1725 1612 1804 apud
1677 1745 1789 1792 nos
1852 1724 2184 1808 republica
2230 1727 2658 1794 necessarium
2711 1747 2972 1808 quoque

581 1819 970 1880 censuerunt
1003 1821 1273 1892 veteres,
1324 1821 1395 1879 ut
1428 1831 1549 1879 non
1584 1815 1790 1879 minus
1838 1815 1903 1878 in
1935 1812 2141 1879 soluto
2187 1814 2412 1892 sacris,
2461 1833 2650 1895 quam
2683 1817 2746 1880 in
2785 1834 2970 1883 sacro

576 1904 714 1982 ejus
791 1907 981 1978 statu,
1062 1920 1329 1966 munera
1400 1919 1515 1966 seu
1584 1902 1794 1968 officia
1865 1900 2142 1982 publica,
2219 1903 2449 1982 quibus
2517 1904 2965 1984 magistratum

577 2008 887 2056 summum
916 1989 1209 2068 adjuvari
1234 1994 1589 2070 oporteret,
1636 1997 1770 2056 tum
1805 1988 2052 2070 majora
2077 2009 2270 2070 quam
2298 1991 2564 2070 minora,
2612 1992 2970 2072 prudenter

582 2085 798 2146 essent
844 2078 1206 2143 distributa.
1274 2077 1630 2143 Voluerunt
1694 2085 1906 2143 autem
1954 2095 2033 2142 ea
2079 2078 2390 2159 dignitate
2453 2096 2596 2145 esse
2641 2080 2772 2145 alia
2827 2080 2970 2145 aliis

578 2167 833 2247 potiora
890 2165 1449 2246 honoratioraque,
1514 2167 1665 2246 quin
1716 2172 1783 2232 et
1843 2185 1959 2230 sua
2021 2165 2250 2230 ordini
2313 2167 2542 2246 cuique
2604 2168 2868 2248 propria
2901 2164 2968 2246 ¹).

579 2256 677 2320 Ab
745 2253 1063 2334 indigenis
1126 2253 1257 2334 illa,
1335 2273 1457 2319 non
1505 2254 1586 2319 ab
1654 2254 2030 2335 alienigenis
2078 2255 2218 2336 geri
2291 2253 2532 2320 debere
2586 2261 2965 2321 statuerunt.

579 2345 783 2424 Vulgo
842 2359 923 2408 ea
980 2341 1428 2420 distinguimus
1492 2342 1555 2406 in
1616 2343 1956 2423 superiora
2013 2347 2081 2406 et
2123 2342 2452 2408 inferiora.
2523 2343 2699 2408 llaec
2746 2349 2816 2407 et
2858 2344 2968 2409 illa

580 2433 853 2498 vicissim
901 2430 1210 2509 gradibus
1258 2448 1507 2510 quoque
1556 2431 1686 2495 suis
1733 2431 2166 2511 disparantur,
2217 2435 2285 2494 et
2329 2431 2582 2512 singula
2625 2437 2970 2511 praeterea

578 2521 697 2585 sub
770 2542 861 2592 se,
941 2539 1056 2599 pro
1136 2517 1477 2583 functionis
1554 2519 1961 2590 necessitate,
2039 2517 2406 2584 introducta
2474 2538 2591 2584 usu
2661 2528 2730 2584 et
2794 2521 2966 2601 regis

580 2608 945 2673 Wenceslai
1011 2606 1362 2689 privilegio,
1431 2607 1528 2671 vel
1574 2606 1762 2687 plura
1808 2606 1904 2671 vel
1952 2607 2258 2686 pauciora
2307 2607 2661 2673 ministeria
2709 2608 2969 2673 diversa

578 2696 834 2763 habent.
888 2696 1065 2773 Quae
1099 2702 1232 2760 tum
1264 2695 1329 2759 in
1363 2695 1480 2774 his,
1529 2701 1662 2759 tum
1695 2696 1760 2758 in
1794 2694 1915 2759 illis
1963 2700 2186 2760 notatu
2220 2712 2342 2760 non
2390 2695 2650 2774 indigna
2681 2697 2966 2761 animad-

578 2784 914 2861 vertimus,
1002 2801 1387 2863 percurrere
1474 2801 1641 2848 nunc
1712 2802 1829 2863 pro
1911 2786 2132 2847 nostra
2199 2781 2468 2848 infantia
2551 2784 2962 2851 coustitutum

578 2873 911 2939 habemus.
964 2870 1313 2951 Superiora
1361 2870 1570 2936 officia
1618 2869 1728 2935 illa
1770 2871 2055 2936 videmus
2088 2890 2126 2935 a
2156 2870 2308 2935 viris
2338 2872 2595 2951 generis
2625 2872 2968 2954 splendore

576 2960 764 3025 claris
811 2961 971 3039 geri,
1032 2966 1097 3022 et
1143 2959 1457 3037 quaedam
1508 2977 1648 3024 esse
1696 2958 2114 3037 hereditaria,
2176 2958 2483 3040 pleraque
2535 2979 2683 3025 vero
2731 2961 2964 3039 omnia,

586 3056 653 3113 ut
699 3049 789 3113 sic
838 3047 1143 3125 dicamus,
1193 3046 1427 3111 dativa.
1477 3046 1597 3111 Illa
1658 3047 1852 3111 certis
1899 3047 2198 3112 nobilium
2261 3045 2569 3127 stirpibus
2624 3047 2757 3126 ‚jam
2819 3049 2966 3113 olim

578 3140 725 3200 sunt
771 3135 1051 3215 alligata,
1124 3140 1191 3199 et
1236 3134 1485 3199 nonnisi
1534 3133 2050 3201 cohonestandae
2095 3134 2157 3199 in
2209 3135 2575 3203 solennibus
2619 3135 2962 3216 inaugura-

582 3224 879 3303 tionibus,
917 3223 1265 3302 curiaeque
1295 3222 1539 3302 Regiae
1567 3223 1795 3288 diebus
1821 3224 2024 3303 bonis,
2058 3241 2279 3302 regum
2307 3224 2631 3303 majestati
2657 3223 2968 3289 inservire

579 3313 908 3389 vi‹lentur;
982 3312 1142 3377 haec
1204 3311 1450 3390 quoties
1519 3330 1675 3392 opus
1744 3315 1847 3375 est
1908 3312 2105 3391 Regis
2163 3311 2450 3377 arbitri0.
2521 3330 2596 3376 ex
2663 3319 2970 3377 accurata

577 3401 736 3481 regii
808 3399 1051 3464 consilii
1118 3398 1478 3478 sententia,
1562 3398 1720 3465 viris
1790 3398 2031 3466 idoneis
2117 3400 2352 3466 virtute
2424 3418 2768 3480 rerumque
2849 3420 2968 3466 usu

582 3488 1066 3569 spectatissimis
1094 3484 1522 3553 conferuntur.
1574 3486 1751 3552 Inter
1783 3485 2180 3553 hereditaria
2209 3487 2271 3551 in
2305 3486 2426 3553 hoc
2457 3488 2675 3567 Regno
2699 3507 2972 3553 munera

583 3582 732 3642 sunt
778 3574 1263 3652 Marescalatus,
1311 3573 1759 3651 Pincernatus‚
1811 3575 2164 3656 Dapiferia‚
2213 3575 2757 3656 Praegustatoria,
2805 3584 2870 3641 et
2916 3578 2970 3641 si

581 3684 705 3744 qua
768 3668 917 3727 sunt
972 3664 1119 3741 alia,
1182 3680 1345 3743 quae
1406 3682 1483 3727 ex
1542 3682 1621 3728 ea
1678 3662 1901 3743 stirpe,
1963 3663 2064 3729 cui
2130 3670 2281 3728 sunt
2337 3663 2753 3744 hereditaria,
2818 3669 2970 3730 natu

584 3752 894 3817 maximus
940 3750 1103 3815 solet
1149 3751 1349 3816 obire.
1399 3749 1561 3815 Sunt
1591 3758 1812 3817 autem
1843 3753 2106 3833 propria
2137 3752 2410 3832 primum
2443 3753 2633 3833 stirpi
2657 3754 2966 3819 baronum

582 3840 889 3921 Lippensi
918 3890 935 3917 ,
1020 3840 1368 3906 secundum
1448 3839 2026 3919 Wartenbergiae,
2116 3840 2379 3904 tertium
2457 3840 2971 3921 Hasenburgiae,

584 3933 883 4007 quartum
918 3926 1309 3993 Sezimaeae.
1358 3924 1753 4009 Praecipuus
1786 3927 1914 3993 illis
1947 3927 2108 4007 Regi
2149 3932 2250 3992 est
2283 3947 2463 3994 usus:
2513 3927 2968 3994 Marescallatu

582 4017 647 4079 in
694 4014 1005 4096 gestando
1054 4014 1287 4095 gladio,
1333 4014 1728 4080 Pincernatu
1775 4016 1840 4080 in
1889 4015 2148 4096 poculis,
2197 4016 2536 4094 Dapiferia
2576 4017 2967 4097 Praegusta-

582 4103 875 4184 toriaque
920 4103 984 4167 in
1031 4104 1303 4184 dapibus
1351 4103 1808 4170 ministrandis,

777 4214 859 4279 11.
932 4213 1166 4279 Dativa
1238 4231 1430 4294 porro
1478 4230 1642 4293 quae
1712 4214 2173 4295 appellavimus
2242 4233 2510 4281 munera
2579 4234 2692 4281 seu
2762 4214 2968 4280 officia

583 4303 934 4383 superiora,
984 4307 1055 4366 ut
1099 4301 1363 4382 maj0ris
1408 4306 1557 4366 sunt
1602 4301 1960 4383 dignitatis,
2006 4304 2100 4368 ita
2143 4307 2276 4368 tum
2324 4305 2746 4371 sacramentis
2777 4304 2968 4369 arcti-

777 4499 965 4556 Comit.
1005 4516 1130 4554 ann.
1172 4504 1326 4571 1526,
1367 4504 1521 4560 1545.
