3350 5050
1271 481 1377 540 Tit.
1415 482 1620 539 xxm.
1659 489 1717 538 et
1750 483 1969 540 xxw..
2732 487 2816 556 49

441 671 450 682 .
619 620 716 684 De
747 619 906 684 Jure
938 619 1280 697 CaesareO,
1313 619 1584 685 masculi
1623 622 1903 701 puberes
1938 625 2005 685 et
2032 619 2309 688 feminae
2342 621 2463 686 viri
2509 627 2809 702 potentes

425 725 624 786 usque
671 707 754 787 ad
795 707 977 772 XXV
1025 726 1256 772 annum
1321 709 1703 790 completum
1761 715 2093 774 curatores
2143 709 2402 774 habent.
2454 709 2617 788 Quia
2661 711 2812 776 licet

427 797 706 876 puberes
737 797 884 874 sint,
921 795 1128 860 adhuc
1175 800 1388 861 tamen
1422 796 1562 876 ejus
1596 799 1830 862 aetatis
1861 801 2027 876 sunt,
2076 801 2148 860 ut
2182 815 2298 862 sua
2338 798 2599 876 negotia
2644 801 2810 864 tueri

423 902 549 948 non
582 884 840 964 possint.
879 884 1107 963 Itaque
1141 888 1292 948 ante
1323 903 1468 950 eum
1495 903 1730 948 annum
1764 903 1890 949 non
1916 886 2479 965 consequebantur
2501 887 2809 951 bonorum

421 971 1066 1052 administrationem,
1115 972 1237 1036 nisi
1281 974 1803 1054 impetravissent
1848 975 2080 1038 aetatis
2128 973 2398 1038 veniam.

617 1097 796 1149 Causa
834 1094 1076 1148 efficiens
1116 1095 1342 1149 tutelam
1383 1100 1465 1150 est
1501 1095 1586 1148 vel
1623 1101 1871 1159 testator,
1910 1097 1992 1150 vel
2030 1097 2139 1168 lex,
2177 1097 2260 1151 vel
2290 1098 2477 1166 judex.

627 1167 938 1234 Subjectum
977 1173 1060 1220 est
1098 1183 1352 1236 persona,
1392 1167 1777 1222 administrans
1817 1169 2059 1224 tutelam.

623 1239 902 1304 Objectum
945 1245 1030 1292 est
1070 1238 1312 1306 pupillus
1352 1245 1446 1292 aut
1483 1238 1709 1306 pupilla.

619 1311 818 1365 Forma
855 1317 940 1362 est
975 1311 1098 1380 ipsa
1131 1315 1376 1378 potestas
1405 1310 1819 1364 administrandi
1857 1328 1945 1366 res
1974 1311 2195 1381 alienaS,
2229 1313 2525 1368 secundum
2552 1314 2813 1383 cujusque

427 1382 530 1436 fori
570 1382 1029 1436 consuetudinem.

621 1455 770 1507 Finis
809 1459 893 1506 est
931 1453 1258 1521 pupillorum
1301 1468 1431 1506 cura
1471 1469 1535 1506 ac
1586 1469 1767 1506 rerum
1822 1455 2061 1522 ipsorum
2102 1455 2513 1511 administratio,
2571 1457 2813 1526 Expedit

420 1526 560 1579 enim
606 1524 953 1593 reipublicae,
991 1541 1059 1578 ne
1097 1525 1218 1594 quis
1256 1540 1315 1578 re
1353 1540 1454 1578 sua
1491 1525 1632 1578 male
1671 1531 1875 1580 utatur.

1045 1753 1170 1824 De
1221 1752 1468 1824 arbore
1517 1754 1905 1852 comanyui
1908 1755 2172 1830 nitatis.

1313 1920 1640 1986 Titulus
1685 1921 1921 1987 XXIV.

619 2053 783 2132 Quia
819 2051 1256 2132 superioribus
1287 2052 1488 2116 titulis
1529 2053 1913 2133 explicatum
1948 2059 2065 2133 est,
2102 2054 2380 2133 qualiter
2414 2054 2808 2120 hereditates

423 2148 490 2208 et
535 2142 778 2206 tutelae
813 2141 892 2204 ab
925 2140 1230 2205 intestato
1261 2141 1566 2220 proximis
1599 2143 1852 2222 agnatis
1898 2142 2296 2223 deferantur,
2341 2147 2453 2207 aut
2484 2144 2545 2208 in
2580 2143 2807 2223 quibus

419 2231 726 2311 gradibus
773 2229 1035 2310 nuptiae
1079 2229 1207 2292 sint
1251 2228 1647 2309 prohibitae:
1696 2248 1851 2310 ergo
1885 2241 2011 2294 non
2042 2232 2497 2295 inconveniens
2534 2231 2805 2310 videtur,

422 2335 588 2382 nunc
633 2318 712 2381 de
763 2318 994 2382 arbore
1057 2315 1646 2396 consanguinitatiS,
1710 2337 1875 2397 quae
1922 2318 2367 2399 principaliter
2428 2319 2602 2384 circa
2662 2337 2796 2382 suc·

421 2407 764 2486 cessiones
835 2404 1072 2470 tutelas
1140 2410 1256 2468 ant
1319 2405 1724 2469 matrimonia
1784 2412 2095 2486 versatur,
2164 2407 2402 2486 aliquid
2464 2406 2803 2486 subjicere.

621 2515 1152 2597 consanguinitas
1235 2516 1472 2581 dicitur
1553 2516 1734 2595 quasi
1808 2516 2137 2597 sanguinis
2231 2517 2443 2582 unitas
2514 2509 2627 2595 (F.
2702 2518 2805 2583 16.

433 2606 607 2671 Dist.
641 2597 788 2686 13.)
835 2605 1044 2668 Arbor
1088 2604 1244 2668 nihil
1292 2604 1464 2668 aliud
1514 2604 1766 2683 dicitur,
1800 2622 1984 2683 quam
2023 2606 2301 2669 ocularis
2330 2606 2807 2683 demonstratiO,

424 2694 772 2758 secundum
823 2711 1010 2771 quam
1071 2709 1491 2773 personarum
1561 2692 1907 2757 distantiae
1956 2700 2171 2758 mutuo
2234 2696 2405 2758 inter
2452 2712 2520 2758 se
2570 2693 2805 2757 discer-

419 2787 678 2846 nuntur.
718 2781 839 2844 Est
868 2786 1081 2845 autem
1113 2780 1368 2860 duplex,
1397 2780 1598 2845 civilis
1640 2787 1709 2844 et
1732 2782 2041 2845 canonica
2072 2772 2189 2859 (F.
2217 2782 2317 2846 16.
2352 2780 2522 2846 Diat.
2552 2780 2598 2844 2
2624 2789 2679 2843 et
2700 2773 2806 2862 3.)

425 2870 640 2934 Civilis
699 2868 952 2947 dicitur,
1017 2887 1180 2947 quae
1227 2870 1465 2947 gradus
1531 2868 1978 2949 complectitur
2041 2875 2110 2933 et
2179 2870 2257 2933 ad
2311 2869 2549 2933 tutelas
2612 2874 2680 2932 et
2725 2868 2805 2932 ad

431 2958 870 3022 successiones
900 2956 1201 3037 pertinet.
1252 2955 1571 3021 Canonica
1617 2962 1737 3035 est,
1780 2974 1944 3036 quae
1993 2956 2055 3020 in
2105 2958 2577 3038 computatione
2624 2957 2810 3021 lineis

425 3046 645 3124 utitur,
693 3049 1067 3123 tantumque
1113 3044 1524 3108 matrimonia
1569 3045 1854 3125 respicit.

624 3154 836 3237 Arb9r
895 3152 1094 3217 civilis
1159 3159 1227 3217 et
1281 3153 1604 3233 canonica,
1655 3154 1863 3233 quoad
1926 3154 2433 3218 numerationem
2495 3155 2807 3234 graduum

431 3244 600 3307 inter
625 3242 1044 3305 ascendentes
1077 3242 1655 3319 etdescendenteS,
1690 3241 1845 3305 nihil
1870 3240 2189 3309 differunt.
2226 3242 2545 3321 Utrinque
2578 3262 2807 3323 nempe

431 3330 720 3411 singulae
765 3346 1079 3410 personae
1127 3328 1406 3407 singulos
1453 3335 1951 3409 repraesentant
2000 3331 2255 3409 gradus
2332 3328 2547 3412 Stipes
2595 3337 2808 3394 autem

433 3420 767 3499 excipitur,
818 3418 965 3496 quia
1013 3418 1092 3481 ab
1140 3437 1215 3482 eo
1266 3434 1484 3481 omnes
1532 3417 1697 3480 aliae
1744 3436 2059 3498 personae
2104 3425 2568 3499 propagantur.
2618 3418 2807 3482 Unde

426 3506 917 3571 Panormitanus
949 3505 1188 3584 inquit:
1222 3506 1422 3569 Pater
1455 3510 1522 3569 et
1551 3504 1718 3569 filius
1747 3510 2169 3571 numerantur
2193 3525 2310 3586 pro
2343 3524 2470 3570 una
2499 3522 2813 3587 persona;

427 3600 576 3659 sunt
635 3596 802 3659 enim
849 3593 1036 3657 unius
1083 3599 1150 3657 et
1194 3592 1480 3673 ejusdem
1528 3595 1873 3672 sanguinis
1943 3592 2069 3659 Sed
2122 3594 2332 3673 quoad
2382 3594 2807 3671 collaterales

427 3682 613 3746 valde
673 3682 995 3749 differunt.
1059 3682 1199 3746 Duo
1248 3682 1413 3745 enim
1477 3681 1717 3745 fratres
1776 3688 1843 3746 et
1904 3682 2070 3745 duae
2132 3699 2406 3761 sororeS,
2474 3688 2586 3747 aut
2646 3701 2809 3746 unus

425 3770 632 3835 frater
677 3776 744 3834 et
788 3788 914 3833 una
947 3788 1147 3849 soror,
1181 3770 1261 3834 de
1302 3771 1446 3851 jure
1480 3769 1662 3833 Civili
1708 3775 1854 3834 sunt
1901 3770 1965 3835 in
2012 3769 2292 3835 secundo
2324 3770 2550 3850 gradu,
2586 3772 2693 3851 qui
2726 3771 2806 3835 de

419 3859 570 3939 jure
600 3858 920 3923 Canonico
970 3863 1119 3923 sunt
1161 3858 1226 3922 in
1260 3859 1465 3939 primo
1499 3857 1728 3938 gradu.
1778 3858 1867 3922 Et
1912 3859 2076 3923 ratio
2125 3862 2243 3938 est,
2281 3858 2431 3937 quia
2477 3858 2541 3921 in
2576 3860 2807 3923 arbore

427 3946 592 4011 civili
637 3948 702 4009 in
769 3946 1244 4012 collateralibus
1303 3964 1428 4010 non
1477 3944 1869 4012 construitur
1917 3946 2165 4027 primus
2210 3946 2478 4026 gradus3
2546 3946 2625 4011 de
2662 3947 2807 4027 jure

429 4054 582 4099 vero
629 4034 949 4100 Canonico
1008 4034 1305 4099 constitui
1352 4039 1582 4115 potest.
1631 4034 1749 4098 Jus
1791 4052 2021 4115 nempe
2070 4034 2462 4099 Canonicum
2510 4040 2807 4099 numerat

419 4123 670 4206 ,gradus
715 4124 964 4187 ratione
1013 4122 1414 4197 matrimonii,
1479 4120 1644 4202 quod
1708 4122 1985 4201 requirit
2030 4123 2189 4198 duas
2250 4140 2584 4203 personas,
2644 4142 2807 4203 quae

427 4229 616 4275 unum
689 4211 1085 4275 constituunt
1151 4212 1454 4291 g1·adum;
1522 4210 1628 4290 Jus
1707 4229 1858 4274 vero
1929 4209 2129 4275 Civile
2200 4218 2496 4276 numerat
2570 4211 2807 4291 gradus

427 4300 676 4363 ratione
725 4298 1146 4363 successionis
1193 4304 1259 4363 et
1305 4299 1564 4379 tutelae,
1625 4298 1736 4362 ubi
1783 4298 2107 4378 quaelibet
2154 4316 2431 4379 persona
2495 4304 2808 4379 generata

427 4387 698 4467 gradum
747 4388 1094 4452 constituit.

627 4492 841 4556 Arbor
907 4490 1322 4569 distinguitur
1388 4487 1697 4568 gradibus
1766 4491 1833 4549 et
1898 4484 2081 4551 lineis
2148 4476 2263 4563 (F.
2325 4489 2428 4553 16.
2498 4488 2662 4554 Diae.
2702 4481 2807 4569 5.)

2377 4590 2417 4657 4
