3350 5050
503 541 582 609 14
1291 533 1356 589 V.
1402 531 1742 600 Ophthalmii
1778 530 2093 585 Processu&

498 678 758 756 habent,
806 675 870 739 id
918 681 1019 740 est
1061 674 1335 754 perinde
1382 675 1476 737 eis
1524 673 1741 738 omnia
1787 672 2219 736 restituuntur
2256 669 2441 751 jura,
2492 686 2569 734 ae
2611 669 2664 732 si
2713 670 2887 750 capti

493 767 573 831 ab
629 763 920 828 hostibus
965 781 1090 828 non
1133 762 1419 826 fuissent.

699 851 786 916 11.
834 851 1211 932 Tempestas
1259 854 1327 914 et
1373 851 1466 914 vis
1513 849 1825 927 fluminis;
1892 867 2167 928 namque
2212 846 2312 910 his
2358 844 2685 926 impeditis
2732 843 2881 910 sub—

503 941 721 1005 venire
769 939 1218 1018 aequissimum
1267 944 1385 1003 est.
2848 945 2857 961 ’

694 1026 812 1092 ΙΙΙ.
863 1029 1173 1092 Absentia
1219 1032 1287 1091 et
1333 1027 1623 1090 avocatio
1670 1025 2063 1106 reipublicae
2111 1041 2345 1100 causa3
2418 1021 2655 1086 nemini
2712 1021 2879 1085 enim

495 1117 812 1206 absentia!
838 1115 1228 1195 reipublicae
1280 1131 1475 1179 causa
1519 1113 1714 1180 debet
1760 1131 1903 1177 esse
1952 1111 2274 1182 damnosa.

695 1204 802 1269 IV.
851 1203 1201 1284 Aegritudo
1249 1209 1314 1268 et
1361 1200 1699 1267 infirmitas
1746 1201 2057 1282 corporis

700 1292 790 1355 De
838 1292 936 1355 his
983 1297 1260 1372 quatuor
1296 1289 1773 1371 impedimentis
1820 1294 2141 1354 trartatur
2186 1285 2302 1350 sub
2335 1287 2423 1351 lit.
2464 1289 2541 1352 Α.
2581 1287 2669 1352 50
2709 1294 2766 1350 et
2808 1285 2878 1351 in

492 1384 660 1446 Jure
707 1381 896 1445 Prov.
957 1381 1014 1445 C.
1070 1382 1177 1461 44,
1223 1382 1310 1444 D.
1360 1378 1463 1444 35.

691 1485 870 1536 Causa
927 1481 1167 1535 efficiens
1219 1483 1526 1536 citationem
1588 1490 1715 1534 sunt.
1766 1489 1934 1544 actor,
1991 1481 2177 1535 consul
2232 1489 2303 1540 ‚et
2358 1481 2474 1548 ejus
2532 1479 2875 1534 amanuensis

495 1556 606 1608 sive
646 1555 866 1608 nuntius
895 1554 1130 1620 juratus,

697 1627 1006 1693 Subjectum
1045 1630 1129 1678 est
1157 1625 1437 1692 judicium.

694 1697 977 1764 Objectum
1015 1703 1098 1750 est
1136 1712 1371 1764 persona
1409 1698 1644 1752 citanda.

697 1769 893 1822 Forma
930 1777 1011 1821 est
1049 1769 1331 1836 inscriptio
1374 1776 1428 1820 et
1464 1771 1833 1823 annunciatio,

695 1841 842 1893 Finis
879 1847 979 1908 est,
1037 1849 1098 1893 ut
1145 1841 1396 1894 citandus
1452 1842 1502 1894 iu
1548 1842 1754 1908 judicio
1806 1847 2134 1908 compareat,
2194 1847 2247 1891 ot
2298 1839 2480 1893 libello
2538 1839 2879 1892 accusatorio

499 1911 684 1966 audito
724 1912 806 1964 vel
845 1921 1081 1979 ret-opto,
1121 1913 1165 1964 si
1205 1928 1340 1980 «luas
1377 1912 1560 1980 habet,
1600 1914 1949 1980 exceptiones
1986 1911 2220 1980 legitime
2260 1917 2516 1978 opponat.

693 1983 932 2036 Effectus
984 1985 1254 2038 citationis
1305 1990 1405 2052 est,
1465 1985 1608 2053 quod
1661 1985 1829 2038 faeiat
1884 1984 2091 2037 initium
2148 1999 2434 2050 processus
2490 1981 2767 2048 judicialis
2826 1985 2881 2032 et

497 2055 719 2109 inducat
755 2055 864 2108 litis
906 2055 1263 2123 pendentiam.

1326 2283 1447 2354 De
1524 2284 2047 2382 comparitione.

1443 2451 1781 2515 Titulus
1827 2453 1935 2516 IV.

689 2578 1086 2661 Compar-itio
1135 2582 1196 2646 iu
1246 2580 1382 2646 foro
1433 2584 1670 2649 (licitur
1717 2602 2031 2666 personae
2081 2586 2317 2648 citatae
2380 2601 2595 2648 coram
2656 2582 2876 2663 judice

493 2670 949 2749 praesentatio.
999 2660 1112 2745 (A.
1168 2672 1267 2735 45.
1321 2672 1492 2737 Diei.
1547 2674 1602 2738 1.
1658 2672 1723 2734 (cn
1767 2665 1872 2753 2.)

694 2758 787 2821 Ea
833 2756 904 2821 fit
951 2758 1012 2822 iu
1062 2759 1352 2823 civilibus
1403 2759 1500 2825 vel
1546 2780 1665 2842 per
1712 2780 1813 2841 se,
1885 2760 1982 2825 vel
2032 2780 2147 2843 per
2192 2768 2677 2841 procuratorem
2728 2779 2869 2825 cum

489 2846 789 2909 mandato
838 2844 1198 2910 sufficienti.
1269 2837 1434 2925 (Jus
1487 2848 1678 2936 Praq.
1755 2850 1870 2914 aab
1931 2849 2024 2915 lit.
2076 2850 2147 2914 F.
2203 2850 2312 2932 41,
2365 2849 2534 2913 Diet.
2593 2849 2644 2913 1.
2697 2848 2755 2913 2.
2806 2848 2865 2913 3.

492 2934 616 2997 ‚lua
669 2932 853 2998 Prov.
907 2934 1022 2999 aab
1071 2934 1161 2999 lit.
1216 2936 1292 2998 B.
1347 2938 1453 3017 44,
1507 2938 1566 3001 C!
1618 2938 1727 3004 38.
1782 2940 1875 3002 ad
1916 2929 2154 3017 finem.)

686 3020 762 3085 In
801 3023 1238 3087 criminalibus
1273 3043 1441 3103 vero,
1494 3026 1747 3105 quando
1798 3028 1877 3090 de
1924 3030 2074 3106 vita,
2122 3026 2312 3105 fama,
2363 3031 2430 3089 et
2462 3025 2654 3088 etiam
2702 3026 2752 3088 si
2790 3024 2871 3087 de

489 3108 854 3173 hereditate
903 3112 1137 3191 agitur,
1186 3129 1338 3176 reus
1385 3114 1812 3193 personaliter
1861 3134 1998 3181 com
2046 3133 2233 3180 arere
2282 3120 2555 3179 tenetur.
2608 3102 2719 3186 (A.
2758 3112 2868 3178 58.

490 3196 662 3262 Diet.
715 3196 761 3260 2
807 3206 864 3261 et
907 3199 972 3263 in
1021 3200 1189 3263 Jure
1233 3200 1422 3266 Prov.
1481 3202 1540 3267 Ο.
1593 3203 1683 3267 48
1726 3204 1794 3267 in
1820 3205 1971 3293 fine.

691 3302 872 3354 Causa
909 3300 1147 3355 efficiens
1184 3304 1623 3369 comparitionem
1677 3311 1761 3358 est
1797 3306 2062 3358 autoritas
2104 3304 2307 3371 judicis
2360 3310 2418 3357 et
2452 3308 2625 3357 metus
2666 3318 2875 3369 poenae

486 3373 838 3426 contumacis,

691 3444 1000 3510 Subjectum
1037 3450 1120 3498 est
1159 3443 1405 3499 voluntas
1444 3447 1594 3500 citati
1633 3464 1805 3515 prona
1845 3448 1913 3501 ad
1953 3447 2431 3514 obtemperandum
2460 3447 2651 3514 judici.

689 3516 969 3582 Objeotum
1009 3524 1093 3570 est
1124 3516 1295 3583 judex
1333 3524 1388 3570 et
1423 3518 1592 3585 loeus,
1632 3520 1725 3573 ubi
1765 3519 2009 3573 redditur
2043 3519 2277 3586 justitia.

687 3589 889 3641 Forma
915 3593 1013 3656 ost,
1043 3587 1258 3657 quando
1289 3606 1409 3642 reus
1436 3590 1711 3644 humiliter
1735 3608 1853 3660 eum
1894 3592 2193 3644 reverentia
2224 3608 2403 3645 coram
2433 3590 2618 3657 judice
2646 3591 2871 3644 sistitur.

693 3660 842 3711 Finis
882 3666 980 3723 ost,
1021 3668 1079 3712 ut
1116 3676 1283 3713 eausa
1321 3662 1592 3715 citationis
1631 3663 1685 3715 in
1714 3663 1919 3729 judicio
1960 3662 2267 3716 definiatur.

1361 3888 1485 3961 De
1536 3888 2004 3962 contumacia.

1451 4058 1784 4123 Titulus
1835 4062 1906 4124 V.

677 4180 884 4283 Saepe
912 4188 1240 4268 contingit,
1260 4195 1330 4254 ut
1355 4188 1638 4269 legitime
1666 4192 1862 4272 citati,
1892 4192 1973 4256 ad
1999 4200 2430 4276 contemptum
2457 4198 2869 4275 magistratus

489 4272 606 4350 sui,
654 4274 717 4335 in
757 4274 1066 4352 judicium
1115 4294 1236 4340 non
1288 4282 1548 4342 veniant
1617 4285 1685 4343 et
1754 4281 1882 4344 sint
1924 4283 2405 4370 inobedientes;
2476 4294 2544 4359 id
2621 4298 2681 4362 in
2722 4298 2869 4378 jure

491 4358 726 4424 dicitur
759 4365 1182 4444 contumacia,
1217 4383 1381 4444 quae
1406 4366 1607 4443 judici
1645 4370 1820 4432 venit
1861 4372 2185 4449 punienda
2231 4383 2569 4450 amissione
2613 4405 2865 4455 causae,

485 4438 646 4524 (Jue
674 4448 874 4548 Pray.
912 4452 988 4515 A.
1027 4453 1128 4518 49.
1163 4452 1333 4518 Diet.
1389 4457 1445 4519 1.
1501 4464 1604 4521 eto.
1663 4456 1864 4523 Consi.
1913 4458 2103 4525 Prov.
2143 4469 2347 4533 13:44
2390 4471 2458 4534 in
2498 4466 2683 4556 siue.)
2728 4476 2869 4543 Nisi

487 4534 778 4601 fortass1s
837 4540 1086 4621 morbo,
1144 4541 1556 4622 captivitate,
1619 4551 2007 4627 tempestate
2054 4560 2167 4619 aut
2214 4556 2609 4639 reipublicae
2674 4582 2871 4631 eausa
