3350 5050
591 480 720 549 254
1649 480 1917 535 Stranskii

587 622 901 701 dignitate
945 618 1146 700 regiis
1193 619 1559 683 coenaculis
1589 616 2243 700 habitationibusque,
2274 623 2685 689 moderandis
2713 624 2983 705 pompis·

589 709 882 791 publiciS,
927 708 1348 788 suscipiendis
1393 708 1753 788 hospitibus
1817 708 2173 773 illustribus
2242 716 2311 773 et
2364 710 2597 791 legatis
2658 714 2963 791 externiS,

591 795 964 863 continendo
1023 798 1089 859 in
1149 797 1372 861 ordine
1428 812 1506 859 ac
1551 796 1889 877 disciplina
1937 796 2143 861 aulico
2190 800 2368 877 regio
2414 800 2717 866 comitatu
2764 800 2969 864 admi-

590 887 936 964 nisti-isque
981 902 1242 949 mensae
1287 884 1528 961 regiae,
1581 900 1878 964 quaeque
1926 885 1991 948 id
2036 903 2237 963 genus
2282 888 2345 950 in
2394 890 2577 967 regia
2620 896 2767 953 sunt
2810 906 2970 969 opus

591 981 874 1051 caetera,
921 974 1222 1053 occupari
1267 972 1434 1037 solet
1461 963 1531 1051 ¹).

785 1059 1695 1125 Archimarescallatus
1754 1061 2104 1138 terrestris,
2168 1060 2317 1127 licet
2372 1064 2477 1139 sit,
2538 1069 2609 1128 ut
2662 1064 2959 1139 diximus,

591 1168 816 1215 munus
861 1148 1343 1227 hereditarium,
1404 1153 1626 1213 tantae
1671 1154 1887 1212 tamen
1936 1156 2033 1214 est
2077 1149 2424 1230 dignitatiS,
2485 1160 2573 1231 ut,
2630 1153 2740 1231 qui
2786 1152 2962 1217 illum

589 1240 745 1315 obit,
767 1240 939 1302 inter
963 1238 1146 1315 regni
1171 1235 1446 1317 ephoros
1467 1243 1978 1315 connumeretur,
2003 1244 2069 1301 et
2094 1238 2335 1302 honore
2362 1239 2627 1321 locoque
2648 1240 2963 1305 secundus

593 1345 632 1389 a
669 1326 982 1406 Supremo
1013 1323 1250 1388 Curiae
1279 1322 1586 1401 Magistro
1629 1340 1775 1388 esse
1806 1330 1982 1389 amet
2005 1316 2081 1403 ²).
2131 1325 2352 1391 Vocati
2384 1329 2447 1391 in
2473 1328 2579 1408 jus
2610 1330 2691 1393 ab
2724 1336 2963 1407 actore,

589 1416 764 1493 regis
809 1413 1168 1493 quicunque
1220 1412 1492 1478 ministri
1539 1418 1605 1477 et
1650 1411 1835 1476 aulae
1882 1410 2231 1478 familiares
2275 1413 2561 1481 homines
2620 1410 2847 1483 ἇνὲςιοι
2894 1425 2961 1481 et

589 1502 936 1583 peregrini,
985 1508 1290 1565 tenentur
1335 1518 1405 1563 se
1451 1498 1589 1578 ejus
1639 1502 1980 1579 cognitioni
2026 1502 2259 1566 sistere
2301 1520 2683 1584 causamque
2722 1505 2963 1583 dicere,

591 1599 658 1656 et
693 1589 801 1669 jus
846 1592 911 1653 in
959 1589 1076 1652 hoc
1106 1586 1244 1652 foro
1277 1589 1592 1668 accipere.
1625 1587 2108 1653 Condecoratur
2154 1588 2271 1654 hoc
2301 1610 2529 1655 munus
2560 1610 2598 1657 a
2628 1591 2965 1657 fecialibus

591 1681 724 1744 sive
771 1676 1322 1754 caduceatoribus,
1371 1676 1479 1756 qui
1527 1676 1588 1739 ei
1635 1694 1956 1756 apparere
2004 1695 2079 1741 ac
2125 1686 2380 1758 praesto
2446 1698 2589 1745 esse
2627 1680 2968 1758 jubentur.

787 1764 1681 1829 Archicamerariatus
1745 1771 2005 1844 praeest
2050 1772 2269 1832 sartae
2316 1774 2656 1848 tectaeque
2705 1786 2959 1833 conser-

589 1854 835 1919 vandae
869 1854 1110 1931 Regiae
1149 1851 1478 1930 MaJestati
1525 1858 1592 1915 et
1628 1853 1691 1916 in
1725 1853 2257 1939 regniptabulario
2291 1857 2572 1921 moribus
2602 1856 2963 1923 introducto

588 1943 795 2007 ordini
828 1943 990 2005 bono
1023 1958 1102 2004 ac
1129 1940 1390 2019 decoro;
1441 1940 1920 2019 apparitoribus
1969 1941 2051 2005 ad
2098 1944 2512 2009 arcessendos
2560 1944 2761 2023 injus
2794 1963 2960 2023 reoS,

588 2048 855 2110 remque
943 2028 1283 2093 iudicatam
1361 2028 1755 2092 exsecutioni
1826 2028 2253 2094 mandandam
2331 2031 2611 2111 legitime
2688 2032 2963 2096 dimmit-

585 2119 819 2196 tendiS,
876 2116 1376 2197 possessionibus
1435 2115 1773 2194 litigatoris
1832 2117 2233 2182 condemnati
2287 2120 2793 2200 peraequatione
2847 2138 2964 2201 pro

589 2214 734 2271 rata
809 2196 1080 2283 (Odlzad
1145 2205 1350 2268 nostri
1417 2196 1668 2276 vocant)
1748 2204 1809 2267 ei
1884 2205 1995 2284 qui
2064 2206 2128 2269 iu
2204 2224 2398 2272 causa
2474 2215 2575 2273 est
2644 2210 2962 2288 superior,

589 2294 983 2359 addicendis.
1048 2292 1120 2355 In
1183 2290 1358 2355 aditu
1421 2291 1504 2355 ad
1563 2291 1803 2371 Regem
1862 2293 1959 2371 iis,
2022 2295 2129 2373 qui
2194 2312 2352 2375 opus
2412 2295 2675 2373 babent,
2737 2312 2963 2375 procu-

589 2384 811 2448 rando.
855 2381 1026 2446 illius
1071 2386 1170 2444 est
1214 2382 1616 2445 interventio.
1660 2378 1758 2442 Ab
1808 2397 2106 2461 supremo
2154 2382 2275 2445 hoc
2320 2402 2584 2448 munere
2621 2384 2965 2463 dependet.

589 2479 1000 2550 mutuamque
1049 2470 1105 2532 ei
1148 2468 1213 2532 iu
1245 2467 1430 2546 regni
1462 2468 1783 2534 tabulario
1830 2500 1913 2508 --
1962 2469 2129 2548 quod
2162 2470 2309 2536 olim
2344 2472 2407 2536 in
2440 2474 2767 2553 praetorio
2800 2470 2963 2537 San-

587 2561 980 2624 clementino
1041 2555 1161 2622 fuit
1219 2547 1420 2623 (locus
1481 2565 1580 2622 est
1638 2556 1908 2621 adverso
1972 2559 2153 2622 aedis
2210 2558 2289 2622 D.
2351 2560 2603 2641 Virgini
2660 2561 2725 2624 in
2788 2559 2960 2624 Lacu

586 2643 862 2723 sacrae),
922 2648 987 2710 in
1038 2644 1268 2723 Maiori
1317 2645 1530 2724 Praga
1574 2646 1703 2709 iam
1750 2646 1813 2708 in
1862 2663 2011 2709 arce
2060 2647 2243 2725 regia
2288 2656 2388 2712 est
2430 2679 2515 2688 -——
2562 2665 2961 2728 operamque

583 2741 877 2816 praestat
901 2733 1524 2810 Vico-Camerarius
1550 2726 1885 2808 τεωδαέτης
1920 2735 2051 2797 sive
2086 2734 2620 2816 Decempedator,
2656 2735 2965 2800 Starosta

587 2821 979 2900 Komorniffi',
1051 2820 1113 2884 h.
1177 2839 1236 2884 e.
1305 2821 1747 2900 apparitorum
1809 2823 2134 2900 magister,
2196 2829 2265 2888 et
2319 2823 2720 2903 Komornici,
2794 2824 2855 2887 h.
2905 2843 2964 2888 e.

588 2912 1009 2992 Apparitores
1055 2908 1154 2972 vel
1203 2907 1449 2972 Pedelli
1496 2915 1715 2972 terrae
1763 2909 2113 2973 duodecim.

779 2999 926 3062 Jam
973 3015 1123 3061 vero
1158 2995 1826 3076 Archipraetura
1872 2997 1935 3059 in
1983 2997 2373 3061 moderando
2404 2999 2583 3076 regni
2616 2999 2963 3064 tribunalis

579 3087 818 3172 judicio
863 3102 1181 3164 supreum,
1243 3084 1544 3162 rogandis
1605 3084 2183 3166 concludendisque
2242 3087 2305 3150 in
2374 3087 2633 3151 consilio
2692 3088 2967 3166 collega-

588 3193 726 3238 rum
775 3173 1134 3248 sententiis,
1184 3173 1556 3250 eloquendis
1588 3189 1753 3250 quae
1788 3172 1869 3235 ad
1903 3180 2121 3253 partes
2158 3173 2483 3250 litigantes
2514 3194 2629 3256 pro
2662 3175 2965 3241 tribunali

583 3281 742 3344 opus
811 3269 912 3325 est
968 3261 1114 3336 dici,
1175 3260 1614 3339 nuncupandis
1671 3260 1753 3323 ad
1815 3261 2209 3325 enuntianda
2268 3261 2331 3326 S.
2394 3263 2462 3326 C.
2526 3261 2964 3341 SenatoribuS,

585 3347 892 3427 (Senatus
919 3383 944 3395 -
970 3349 1273 3414 Consulta
1359 3346 1701 3411 -Potazowe'
1778 3348 2094 3425 dicuntur,
2186 3367 2567 3430 semperque
2650 3351 2967 3430 jubentur

584 3441 869 3503 Bai-ones
940 3455 1019 3500 ex
1081 3435 1324 3500 Senatu
1391 3435 1516 3499 duo
1586 3442 1654 3500 et
1713 3435 1929 3515 Eques
1998 3455 2159 3501 uuus
2220 3438 2301 3501 ad
2364 3457 2442 3502 ea
2501 3439 2959 3519 promulganda

585 3525 1002 3606 consurgere)
1065 3533 1132 3589 et
1192 3523 1486 3592 caeteris,
1559 3542 1725 3603 quae
1798 3525 2165 3603 praetoriae
2237 3537 2385 3590 sunt
2442 3527 2791 3605 dignitatis,
2848 3544 2966 3607 pro

586 3634 762 3680 more
812 3612 1230 3694 expediundis
1279 3619 1596 3678 versatur.
1649 3612 1905 3676 Muneri
1952 3613 2101 3677 huic
2148 3629 2291 3676 esse
2322 3621 2585 3694 praesto
2618 3617 2969 3695 antiquitas

580 3705 771 3782 jussit
829 3701 1306 3766 vice-dudicem
1378 3706 1446 3763 ct
1515 3701 2050 3780 Declamatorem,
2120 3703 2229 3780 qui
2304 3701 2615 3766 Wolawei
2682 3721 2721 3766 a
2790 3709 2968 3768 vete-

587 3793 766 3856 ribus
813 3790 1178 3854 vocabatur.

783 3877 1058 3942 Archi
1087 3876 1855 3941 cancellariatus
1903 3876 2287 3942 constitutus
2335 3883 2435 3942 est
2470 3877 2969 3946 conscribendis».

587 3967 935 4047 signandis.
995 3964 1475 4030 subscribendis
1535 3965 1731 4041 regiis
1792 3962 2264 4043 diplomatibus
2326 3964 2571 4044 edictiS,
2630 3966 2967 4044 mandatiS,

589 4055 904 4136 epistolis:
965 4053 1353 4134 accipiendis
1411 4053 1824 4130 legendisque
1884 4068 2047 4130 quae
2110 4051 2193 4115 ad
2252 4053 2491 4132 Regem
2566 4053 2965 4129 scribuntur;

589 4144 799 4210 verbis
857 4142 1210 4223 plerunque
1276 4141 1532 4204 nomine
1591 4142 1773 4218 regio
1830 4136 2141 4205 faciendis
2208 4148 2275 4204 et
2334 4143 2660 4221 responsis
2719 4143 2969 4212 dandis,

587 4231 866 4297 cavendo
887 4249 972 4294 ne
999 4230 1151 4311 quid
1177 4229 1407 4308 aRege
1435 4228 1780 4294 contraius
1810 4227 2200 4308 reipublicae
2216 4231 2637 4308 rescribatur,
2654 4231 2974 4295 edicatur.

585 4322 1008 4398 decernatur,
1055 4315 1468 4382 custodiendo
1527 4316 1833 4380 sanctiori
1893 4316 2005 4394 illi,
2066 4334 2190 4397 quo
2248 4317 2507 4398 publica
2563 4324 2971 4382 monumenta

794 4514 836 4580 Ι)
874 4514 974 4567 Jus
1011 4511 1255 4565 Provinc.
1298 4509 1360 4566 Ο.
1399 4514 1450 4578 3,
1491 4513 1542 4579 9,
1585 4514 1665 4568 11.
1741 4509 1792 4577 ²)
1829 4511 1929 4564 Jus
1968 4510 2211 4566 Provinc.
2252 4514 2340 4580 36,
2378 4515 2463 4569 37.
