3350 5050
1527 512 1715 566 Index.
2740 512 2825 584 85

2700 655 2828 724 Pag.

449 754 743 809 Homicidii
781 753 923 808 aetio
964 769 1061 806 cur
1099 751 1223 819 plus
1261 751 1466 820 liberie,
1504 768 1664 820 quam
1704 751 1860 805 uxori
1898 752 2157 818 competit
2230 792 2681 805 ......
2760 752 2829 806 72

445 848 807 903 nomicidium
848 847 1200 902 committitur
1235 843 1418 899 multis
1455 842 1628 897 modis
1688 885 2672 899 ............
2756 846 2826 881 ‘—

445 941 734 997 Homicida
769 940 982 1009 fugiens
1018 939 1074 993 in
1123 955 1232 1010 qua
1267 938 1528 1008 qualitate
1565 954 1696 993 suas
1734 954 1823 992 res
1860 936 2117 1007 relinquit
2224 978 2678 992 ......
2758 968 2822 977 —-

449 1113 728 1181 Imperitia
764 1119 820 1167 et
866 1112 1200 1183 negligentia
1237 1118 1625 1167 annumeratur
1661 1111 1859 1181 culpae
1968 1154 2687 1168 .........
2764 1117 2833 1170 76

452 1208 706 1277 Impubes
745 1225 852 1263 non
893 1214 1077 1288 potest
1111 1206 1433 1262 contrahere
1471 1206 1691 1273 nuptias
1786 1248 2686 1261 ...........
2762 1211 2821 1264 41

383 1364 388 1373 ,
455 1304 698 1359 Incendii
734 1319 914 1372 poena
951 1318 1090 1371 quae
1167 1340 2685 1356 ..................
2761 1306 2830 1361 80

455 1399 700 1453 Incestus
738 1398 868 1467 quid
979 1440 992 1451 .
1072 1439 1084 1452 .
1159 1438 1172 1451 .
1247 1438 1259 1451 .
1427 1434 2683 1451 ...............
2758 1398 2829 1455 68

455 1491 662 1558 injuria
699 1490 846 1562 quid,
885 1497 939 1544 et
977 1489 1121 1559 quod
1160 1488 1332 1543 modis
1371 1490 1470 1541 flat
1520 1530 1531 1542 .
1606 1529 1619 1544 .
1656 1524 1662 1529 -
1696 1527 2685 1541 ............
2765 1491 2831 1545 77

455 1586 695 1653 injuriae
734 1583 964 1637 verbalis
1001 1583 1174 1650 magis
1213 1582 1412 1637 atrocis
1451 1596 1628 1649 poena
1704 1616 2686 1635 .............
2764 1583 2832 1638 78

460 1678 690 1745 injuriae
729 1678 908 1731 minus
947 1677 1146 1731 atrocis
1189 1693 1365 1745 poena
1441 1714 2691 1729 ...............
2771 1706 2833 1713 -

457 1772 692 1840 lnjuriae
731 1788 871 1840 quae
909 1772 972 1825 fit
1007 1770 1233 1825 famosis
1270 1768 1485 1837 libellis,
1522 1785 1700 1837 poena
1789 1811 1800 1822 .
1880 1811 1889 1821 .
1924 1804 1929 1807 -
1968 1808 2601 1823 ........
2642 1758 2649 1765 ’
2680 1811 2690 1822 .
2766 1772 2835 1825 79

459 1864 741 1933 inquisitio
781 1864 910 1933 quid
987 1902 2510 1919 ..................
2512 1852 2519 1857 ’
2590 1905 2600 1915 .
2677 1906 2687 1916 .
2762 1866 2834 1919 66

461 1959 826 2012 Instrumenta
863 1964 993 2011 sunt
1028 1956 1268 2025 duplicia
1339 1997 2688 2012 ................
2762 1958 2825 2013 :31

461 2052 825 2105 Inventarium
867 2067 962 2105 seu
999 2051 1352 2119 repertorium
1393 2050 1512 2118 quis
1550 2065 1744 2103 curare
1783 2049 1945 2103 debet
2058 2092 2070 2103 .
2146 2092 2157 2103 .
2234 2092 2245 2102 .
2324 2092 2335 2102 .
2386 2092 2423 2121 ι.
2502 2092 2511 2102 .
2590 2092 2601 2103 .
2654 2052 2688 2102 ”.
2763 2051 2832 2105 47

443 2226 634 2307 ..Iudex
673 2227 794 2295 quis
833 2226 1044 2281 dicatur
1167 2267 1179 2280 .
1256 2266 1268 2279 .
1311 2233 1318 2241 ‘
1346 2264 2687 2279 ................
2724 2290 2749 2307 ν
2798 2228 2829 2281 7

455 2322 662 2377 Judicis
702 2322 884 2377 officia
982 2361 2681 2377 ....................
2794 2324 2825 2377 7

450 2416 747 2484 injudicio
786 2420 983 2482 coepta
1020 2414 1161 2469 aetio
1203 2412 1472 2482 quomodo
1513 2412 1920 2479 praescribatur
1957 2453 1971 2467 .
2047 2455 2059 2467 .
2136 2455 2146 2467 .
2187 2426 2195 2435 ·
2226 2455 2238 2467 .
2310 2410 2317 2423 '
2315 2455 2681 2467 .....
2757 2414 2826 2470 25

447 2512 751 2568 Juramenti
787 2516 899 2565 tres
937 2508 1158 2564 comites
1199 2524 1318 2562 esse
1355 2505 1556 2562 debent
1595 2549 2589 2563 ............
2590 2573 2596 2580 ·
2668 2549 2679 2560 .
2755 2508 2825 2562 30

449 2585 682 2662 ρ.]ιιι·ιιιιι1ἰ
717 2603 950 2660 formula
986 2601 1182 2657 ibidem
1246 2641 2412 2656 ..............
2446 2669 2450 2674 .
2488 2643 2499 2653 .
2578 2642 2589 2653 .
2665 2643 2676 2654 .
2755 2629 2819 2638 -—

448 2702 480 2755 J
487 2706 740 2754 uratur-us
767 2699 941 2767 primo
967 2697 1122 2752 audit
1132 2697 1520 2767 juramentum,
1559 2702 1614 2750 et
1647 2695 1865 2750 tandem
1894 2702 2141 2750 monetur
2164 2695 2526 2768 conscientiae
2551 2711 2682 2770 suae
2755 2697 2823 2752 53

450 2795 550 2849 Jus
587 2793 770 2848 dicens
807 2791 962 2860 cujus
1001 2791 1079 2845 rei
1116 2807 1318 2844 memor
1355 2807 1475 2845 esse
1513 2789 1673 2844 debet
1782 2829 2499 2844 .........
2532 2797 2541 2807 ’
2576 2832 2588 2843 .
2665 2831 2679 2844 .
2754 2793 2824 2847 64

448 2885 839 2954 Jusjurandum
877 2884 1005 2955 quid
1045 2891 1100 2939 et
1137 2885 1430 2956 quotuplex
1507 2926 2589 2940 .............
2662 2927 2677 2958 .·
2753 2888 2821 2943 52

448 2979 838 3048 Jusjurandum
876 2978 1118 3034 defertur
1153 2979 1208 3032 in
1249 2976 1544 3046 semiplena
1581 2978 1905 3046 probatione
1954 3018 2588 3035 ........
2608 3043 2617 3048 ,
2666 3026 2676 3036 .
2754 3014 2821 3022 —-

459 3152 735 3207 Lenocinii
773 3169 912 3221 quae
949 3168 1126 3220 poena
1163 3191 2682 3210 ..................
2757 3162 2828 3215 68

457 3245 767 3300 Leuteratio
806 3245 935 3315 quid
975 3244 1186 3298 dicatur
1247 3285 2679 3302 .................
2754 3253 2825 3308 58

459 3339 694 3394 Libellus
733 3339 880 3408 quid,
919 3337 1213 3407 quotuplex
1250 3343 1306 3391 et
1341 3354 1510 3406 quare
1547 3337 1742 3393 edatur
1786 3380 2505 3394 .........
2580 3323 2591 3395 ’.
2671 3385 2681 3395 .
2764 3347 2827 3400 16

455 3431 696 3488 Libellus
733 3433 1034 3488 instituitur
1069 3436 1322 3487 oretenus
1420 3473 2678 3492 ...............
2760 3469 2823 3478 -

457 3527 654 3583 Libelli
691 3526 1042 3582 solennitates
1079 3524 1274 3580 ibidem
1341 3565 1354 3578 .
1431 3567 1442 3579 .
1518 3569 1528 3580 .
1608 3567 1619 3579 .
1665 3558 1667 3562 -
1697 3567 2682 3586 ............
2758 3564 2825 3571 --

455 3617 663 3673 Libello
705 3623 838 3688 quot
873 3616 1046 3670 modis
1083 3616 1482 3684 respondeatur
1601 3659 2681 3679 .............
2758 3629 2826 3684 22

453 3710 696 3765 Libellus
729 3708 970 3763 famosus
1068 3749 2502 3771 .................
2576 3698 2590 3772 '.
2667 3761 2677 3772 .
2754 3725 2822 3779 79

454 3806 772 3860 Liberorum
811 3803 1020 3870 species
1067 3844 2681 3866 ...................
2757 3818 2829 3872 36

453 3897 639 3953 Liberi
676 3895 943 3966 quomodo
983 3895 1280 3950 succedunt
1317 3897 1637 3964 parentibus
1699 3939 2683 3960 ............
2755 3911 2825 3966 35

451 3990 634 4045 Liberi
669 3994 935 4058 quatenus
973 3995 1227 4044 tenentur
1263 4006 1328 4042 ex
1369 3989 1578 4046 delictis
1615 3997 1901 4059 pareutum
1952 4035 2322 4050 .....
2342 3977 2349 3985 ’
2396 4039 2409 4052 .
2489 4041 2500 4054 .
2577 4041 2588 4052 .
2666 4042 2679 4054 .
2754 4001 2823 4059 65

453 4084 590 4138 Litis
628 4083 952 4138 contestatio
989 4082 1120 4152 quid
1159 4125 2681 4146 ..................
2754 4096 2824 4152 26

451 4245 900 4299 Macedonianum
943 4247 995 4302 S.
1034 4245 1337 4302 consultum
1375 4244 1505 4314 quid
1597 4286 1611 4301 .
1665 4307 1674 4312 ,
1686 4286 2501 4306 ..........
2570 4261 2590 4306 ·.
2667 4293 2679 4305 .
2752 4255 2824 4310 48

454 4339 709 4392 Maleficii
747 4339 887 4394 actio
927 4356 1033 4394 non
1072 4339 1268 4394 transit
1303 4337 1358 4391 in
1395 4337 1647 4394 heredem
1685 4338 1765 4396 rei
1861 4382 1874 4396 .
1953 4383 1965 4396 .
2040 4355 2075 4400 .·
2136 4385 2503 4402 .....
2560 4355 2593 4400 “.
2664 4354 2707 4400 .’
2753 4346 2823 4402 65

451 4431 684 4486 Maritus
724 4448 942 4488 uxorem
982 4430 1426 4498 comprehensam
1463 4432 1520 4486 in
1557 4429 1832 4488 adulterio
1872 4433 2088 4502 impune
2124 4435 2429 4492 interficere
2466 4441 2651 4504 potest
2756 4437 2828 4494 68

453 4524 802 4594 Matrimonia
838 4524 1039 4580 debent
1073 4539 1196 4579 esse
1232 4523 1406 4580 libera
1484 4567 1525 4594 ,.
1573 4585 1580 4592 ,
1598 4562 2678 4591 .............
2749 4533 2816 4587 41
