3350 5050
507 545 585 614 10
1289 541 1352 596 V.
1393 541 1730 609 Ophthalmii
1770 539 2083 594 Processus.

696 682 806 746 IV.
834 681 884 745 C
903 697 1117 746 amer
1133 698 1242 759 ae,
1273 681 1376 744 cui
1408 679 1740 760 praesidet
1766 694 2099 761 supremus
2129 681 2345 746 curiae
2381 682 2709 763 magister,
2736 701 2877 748 cum

500 771 846 836 baronibus
893 775 960 834 et
1004 768 1322 834 nobilibus
1368 768 1450 832 ad
1499 768 1825 832 minimum
1872 767 2230 834 duodecim.
2277 759 2396 847 (In
2424 769 2625 836 Const.
2670 771 2738 836 0.
2776 765 2882 854 5.)

587 915 600 922 -
701 880 778 945 V.
813 879 1442 960 Burgraviatus‚
1491 880 1593 944 cui
1623 878 1955 960 praesidet
1997 877 2381 960 burgravius
2414 877 2757 961 pragensis
2800 882 2880 946 ad

505 969 831 1034 minimum
879 986 1021 1033 cum
1069 985 1183 1034 sex
1227 968 1520 1050 personis
1565 965 1904 1032 nobilibus,
1954 957 2071 1044 (In
2120 967 2321 1033 Cbnst.
2379 969 2449 1034 O.
2502 959 2648 1050 19.)
2886 981 2891 984 “

591 1103 922 1180 Versus,
975 1100 1113 1181 qui
1158 1099 1542 1254 indicanti),
1593 1095 1916 1181 quando
1962 1099 2166 1164 haee
2205 1099 2525 1180 judicia
2584 1101 2788 1166 cele·

1558 1193 1888 1254 rantur:

681 1299 838 1364 Post
879 1299 1147 1364 Cineres
1195 1299 1464 1378 decimo,
1511 1304 1690 1364 sexto
1738 1306 1886 1378 post
1932 1297 2237 1379 Pneuina,
2284 1317 2619 1380 supremus

809 1387 1018 1452 Judex
1056 1387 1162 1468 jus
1211 1387 1384 1466 dicit,
1433 1386 1837 1467 Remigiique
1884 1385 2005 1450 die.

679 1476 924 1554 Quarta
969 1475 1166 1553 Quasi
1213 1495 1290 1540 ex
1338 1475 1586 1540 damnis
1633 1480 1822 1540 vocat
1866 1475 1930 1538 in
1974 1473 2078 1554 jus
2116 1472 2265 1553 jure
2310 1476 2596 1556 citatum,

810 1563 1106 1628 Proxima
1152 1563 1356 1644 Marg.
1405 1569 1473 1628 et
1521 1564 1687 1644 Lin.,
1734 1563 2131 1644 Fabianique
2180 1563 2401 1646 sacris.

683 1652 999 1717 Provocat
1045 1653 1125 1716 ad
1176 1652 1321 1716 lites
1365 1651 1471 1715 lux
1519 1652 1813 1733 proxima
1862 1651 2335 1730 Bartolomaeo‚

815 1740 1116 1819 Μαι-ωηο,
1162 1739 1383 1818 Paulo,
1431 1739 1894 1818 Relliquiisque
1940 1739 2161 1805 sacris,

684 1829 910 1894 Tertia
955 1834 1104 1909 post
1147 1827 1438 1908 Paulum,
1487 1827 1859 1908 Martinum‚
1906 1827 2446 1907 Bartolomaeum‚

813 1915 884 1980 In
924 1916 1030 1997 jus
1075 1922 1223 1998 post
1269 1916 1519 1982 Pascha
1565 1917 1673 1980 lux
1722 1934 1973 1996 quoque
2020 1933 2190 1981 nona
2250 1921 2453 1982 vocat.

703 2026 1049 2104 Quodlibet
1091 2025 1321 2091 horum
1383 2023 1772 2104 judiciorum
1832 2027 2029 2092 habet
2085 2043 2201 2090 sua
2260 2031 2439 2090 certa
2487 2027 2775 2107 subjecta
2823 2032 2891 2092 et

508 2115 832 2180 attributa
859 2117 888 2196 ‚'
921 2115 985 2179 in
1021 2114 1262 2194 -quibus
1299 2113 1552 2192 judices
1597 2115 1768 2179 intra
1812 2120 2019 2179 metas
2065 2114 2503 2195 praescriptas
2548 2133 2692 2180 sese
2738 2135 2885 2181 con-

511 2206 758 2269 tineant
802 2221 1064 2268 necesse
1111 2208 1210 2268 est
1254 2193 1397 2282 (De
1442 2201 1670 2292 quibus
1702 2201 1852 2266 vide
1882 2225 2017 2266 cum
2054 2203 2261 2268 chnet.
2292 2200 2521 2291 Reqni,
2568 2212 2697 2268 tum
2742 2227 2895 2293 quo-

508 2315 626 2381 que
670 2293 796 2357 Jus
845 2291 1249 2377 Municipale
1294 2291 1630 2380 Praqcnse
1675 2291 1815 2355 suis
1863 2280 2081 2370 locis.)

703 2400 1494 2466 Extraordinarium
1551 2399 1861 2479 judicium
1923 2407 2055 2476 est,
2122 2399 2188 2465 in
2246 2420 2370 2480 quo
2439 2407 2707 2483 recepta
2772 2401 2895 2468 fori

509 2490 902 2558 consuetudo
949 2507 1076 2555 non
1126 2490 1526 2567 observatur,
1575 2493 1643 2555 et
1688 2489 1768 2554 ad
1817 2487 1987 2568 quod
2025 2489 2277 2571 jndices
2338 2491 2475 2556 sine
2526 2490 2892 2572 juramento

507 2581 774 2748 diversis
791 2597 914 2747 )ex
960 2578 1117 2644 locis
1164 2584 1619 2656 accersuntur,
1682 2578 1877 2656 vulgo·
1916 2570 2190 2661 brunsteni)
2239 2576 2369 2656 iaub
2434 2584 2889 2661 nuncupatum.

548 2672 625 2733 Α.
685 2669 788 2735 43.
1295 2678 1306 2708 ’
1349 2732 1353 2737 .

701 2777 1302 2843 Extraordinarium
1328 2775 1640 2857 judicium
1672 2778 1738 2841 in
1769 2776 1807 2840 J
1814 2795 1929 2841 ure
1960 2776 2291 2860 Communi
2324 2778 2537 2843 multis
2568 2798 2647 2843 ex
2686 2779 2895 2843 causis

504 2867 592 2933 sic
644 2866 912 2932 dicitur:
978 2865 1224 2947 Primo,
1285 2866 1338 2930 si
1397 2863 1470 2928 fit
1526 2882 1745 2929 coram
1796 2864 2017 2939 judice
2079 2864 2375 2945 delegato
2456 2856 2539 2943 (c.
2594 2866 2895 2931 induciae

503 2956 561 3021 3.
601 2978 654 3044 q.
691 2956 739 3020 3
769 2956 834 3016 cf·
867 2953 1172 3039 spatiavit,
1205 2975 1390 3018 vers:
1421 2951 1531 3017 Sic
1564 2952 1624 3017 ei
1653 2943 1826 3029 aut.)
1854 2952 2167 3031 Secund0‚
2204 2953 2460 3032 quando
2506 2973 2633 3019 non
2665 2973 2887 3035 proce-

504 3044 676 3108 ditur
721 3045 787 3108 in
835 3042 1041 3124 figura
1078 3041 1321 3123 judicii,
1370 3040 1486 3105 sed
1534 3060 1612 3105 ex
1650 3040 1889 3120 judicis
1922 3040 2127 3106 officio
2176 3060 2294 3122 per
2327 3042 2577 3106 modum
2628 3042 2890 3121 inquisi-

507 3132 692 3197 tionis
740 3130 840 3197 vel
872 3129 1379 3197 denunciationis
1410 3118 1499 3211 (c,
1535 3130 1839 3214 superbis
1873 3152 1919 3195 e.
1960 3128 2242 3218 qualiter
2272 3129 2353 3193 de
2384 3119 2637 3209 accus.)
2672 3130 2894 3196 Tertio

505 3222 567 3284 in
615 3221 822 3285 causis
866 3220 1217 3295 electioniS‚
1264 3216 1712 3299 postulationis
1744 3223 1812 3282 et
1843 3218 2004 3283 aliis,
2053 3209 2181 3294 (Et
2212 3218 2292 3282 de
2320 3218 2433 3283 hoc
2459 3218 2719 3305 judicio
2748 3217 2899 3285 vide

511 3307 668 3375 Abb.
721 3310 792 3375 in
837 3308 1013 3374 rubr.
1068 3308 1148 3372 de
1175 3306 1382 3392 judic.
1439 3314 1493 3369 et
1524 3306 1688 3371 Bar.
1740 3307 1810 3371 in
1841 3305 1918 3371 L.
1972 3307 2033 3371 si
2076 3306 2369 3371 maritus.
2407 3300 2470 3383 ἕ.
2531 3307 2649 3372 sin.
2686 3316 2899 3373 autem

523 3405 869 3463 extraneus
897 3396 985 3484 ff
1037 3398 1134 3463 ad
1180 3397 1374 3485 leqem
1419 3394 1672 3461 Juliam
1720 3394 1802 3459 de
1845 3385 2091 3474 adult.)

725 3520 906 3571 Causa
933 3514 1172 3569 efficiens
1192 3513 1520 3581 judiciorum
1559 3519 1642 3566 est
1669 3518 1837 3584 Deus,
1878 3515 1969 3583 qui
1997 3514 2063 3568 de
2088 3514 2247 3582 lapsu
2286 3516 2579 3582 primorum
2617 3522 2899 3583 parentum

516 3589 569 3641 iu
615 3588 870 3656 paradiso
899 3588 1124 3655 primum
1142 3585 1404 3653 judicium
1433 3586 1658 3654 peregit,
1699 3593 1755 3641 et
1784 3586 2185 3655 legumlatores‚
2224 3587 2315 3656 qui
2344 3586 2561 3641 modum
2585 3604 2649 3641 ac
2674 3586 2897 3642 formam

510 3660 732 3727 judiciis
773 3658 1264 3727 praescripserunt.
2960 3673 2965 3677 ⁴

711 3732 1022 3799 Subjectum
1052 3729 1380 3797 judiciorum
1419 3732 1509 3781 est
1535 3728 1754 3796 justitia
1792 3736 1847 3784 et
1884 3746 2034 3784 mens
2065 3730 2265 3797 judicis
2305 3736 2452 3785 recte
2481 3729 2798 3797 judicantis.

700 3804 983 3870 Objectum
1022 3806 1150 3854 sunt
1184 3801 1305 3855 lites
1356 3806 1520 3868 atque
1558 3802 1976 3870 controversiae,
2016 3818 2154 3871 quae
2191 3802 2247 3855 in
2276 3802 2498 3869 judiciis
2552 3801 2896 3856 deciduntur.

703 3876 903 3929 Forma
953 3880 1038 3927 est
1089 3872 1279 3927 modus
1331 3878 1494 3940 atque
1547 3887 1853 3944 processus,
1904 3874 1995 3943 qui
2046 3890 2113 3927 ex
2166 3871 2284 3943 lege
2342 3879 2396 3927 et
2444 3872 2736 3940 cujuslibet
2794 3873 2895 3928 fori

503 3946 895 4011 cousuetudine
931 3944 1274 3999 introductus
1314 3944 1647 3999 observatur.

703 4028 856 4083 Finis
894 4032 980 4081 est
1010 4027 1161 4094 justa
1189 4025 1390 4093 judicis
1429 4027 1724 4098 sententia,
1764 4046 1871 4098 qua
1909 4044 2065 4083 suum
2102 4025 2311 4095 cuique,
2351 4017 2498 4081 κατά
2546 4016 2611 4079 τὸ
2660 4016 2898 4079 ἀντιπε-

505 4102 752 4190 πονθός9
802 4107 1162 4177 aequabiliter
1199 4104 1472 4162 tribuitur.

707 4219 798 4284 Ut
846 4217 1037 4284 finem
1075 4217 1464 4298 Judiciorum
1511 4236 1953 4299 assequamur,
2000 4234 2268 4283 necesse
2308 4222 2412 4281 est
2455 4215 2521 4281 id
2566 4234 2684 4297 per
2729 4216 2891 4297 legis

510 4308 823 4372 actionem
867 4313 931 4387 et
969 4307 1204 4388 judicis
1235 4306 1530 4381 officium,
1583 4314 1885 4387 tanquam
1932 4325 2055 4388 per
2098 4324 2359 4371 causam
2399 4304 2564 4383 juris
2611 4304 2894 4370 universi

513 4394 922 4476 efficientem,
985 4400 1409 4477 praestemus,
1481 4394 1664 4473 Quae
1733 4396 1895 4475 legis
1965 4395 2132 4461 actio
2202 4401 2270 4460 et
2328 4392 2563 4474 judicis
2632 4392 2909 4459 officium

524 4484 877 4565 praecipue
926 4483 1209 4566 pertinet
1253 4484 1335 4554 ad
1395 4486 1835 4549 executionem
1898 4485 1996 4548 rei
2034 4481 2384 4563 judicatae.
2458 4480 2589 4546 Res
2627 4482 2920 4563 judicata

526 4571 765 4658 pendet
797 4593 836 4638 a
869 4572 1224 4653 sententia3
1275 4572 1594 4637 sententia
1636 4592 1674 4637 a
1705 4572 1981 4652 judicio;
2024 4569 2333 4651 judicium
2368 4589 2407 4635 a
2435 4568 2565 4634 litis
2596 4576 2915 4635 contesta-
