3350 5050
543 526 630 596 54
1329 521 1396 576 V.
1435 520 1624 588 Ophth
1639 521 1775 575 ilmii
1812 519 2123 575 Processu&

753 665 905 731 Sine
967 665 1149 746 Jussu
1215 663 1447 745 judicis
1517 668 1585 729 et
1667 661 1845 726 dicta
1932 661 2257 742 registrali
2326 663 2573 744 charta,
2642 663 2931 730 notarius
2959 694 2974 709 ι

555 754 991 838 depositiones
1061 753 1319 820 testium
1391 755 1622 832 suapte
1668 749 1890 830 legere
1960 767 2036 814 ac
2081 750 2410 832 publicare
2478 771 2604 818 non
2672 757 2933 818 tenetur

548 834 710 924 (Jua
756 843 952 908 Prov.
999 843 1079 907 P.
1121 831 1271 922 29.)

747 931 902 996 Post
946 930 1132 995 unius
1177 929 1380 1012 partis
1425 927 1844 1010 probationes
1911 926 2292 1008 publicataS,
2353 929 2404 993 si
2463 946 2615 1009 pars
2660 928 2933 994 ‘adversa

559 1024 742 1102 petat
786 1018 907 1085 sibi
969 1018 1338 1085 dilationem
1411 1016 1574 1095 dari,
1641 1017 1708 1080 in
1762 1031 1887 1094 qua
1932 1031 2083 1079 suas
2151 1017 2639 1096 reprobationes
2707 1023 2935 1098 postea

556 1107 878 1186 exhibeat,
923 1106 989 1170 id
1036 1124 1164 1172 non
1209 1105 1408 1172 debet
1453 1103 1727 1184 admitti,
1769 1101 1955 1182 juxta
1997 1103 2325 1184 regulam:
2402 1105 2735 1186 „Utraque
2780 1122 2933 1187 pars

549 1194 872 1363 producat
938 1199 1197 1365 testem)
1227 1211 1435 1273 neque
1481 1196 1701 1258 nectat
1747 1191 1926 1255 dolos
1980 1196 2093 1256 aut
2140 1199 2406 1258 consuat
2452 1185 2925 1259 cavillationes“

588 1285 670 1348 B.
715 1282 821 1348 58.
870 1282 1047 1350 Dist.
1095 1283 1156 1348 1.

755 1369 1064 1436 Notarius
1107 1371 1173 1435 in
1217 1369 1651 1452 publicatione
1685 1367 2211 1446 testimoniorum,
2246 1368 2456 1432 omnia
2486 1369 2689 1449 gratis
2719 1369 2935 1448 legere

553 1477 628 1524 ac
673 1456 988 1540 perficere
1037 1458 1233 1524 debet
1275 1449 1317 1536 (
1314 1459 1394 1522 B.
1443 1458 1548 1522 57.
1597 1456 1723 1522 Jua
1769 1455 1968 1521 Prov.
2016 1459 2097 1522 B.
2145 1445 2295 1543 24.)

749 1543 819 1609 Si
867 1547 1217 1627 contingat,
1265 1543 1436 1627 quod
1481 1549 1750 1626 propter
1794 1546 2156 1625 angustiam
2206 1544 2516 1624 temporis
2586 1549 2698 1610 aut
2744 1544 2932 1608 aliam

555 1633 840 1715 quamvis
881 1652 1162 1712 causam,
1197 1636 1527 1714 utriusque
1569 1633 1777 1714 partis
1807 1633 2219 1715 probationes
2262 1631 2577 1712 publicari
2612 1637 2680 1697 et
2727 1630 2933 1696 audiri

553 1728 911 1802 nequeant:
982 1728 1132 1787 tunc
1214 1723 1362 1788 illae
1442 1721 1855 1803 probationes
1928 1738 2069 1786 cum
2140 1720 2433 1800 allegatis
2504 1723 2583 1785 ad
2654 1721 2932 1785 futuram

555 1809 900 1875 sessionem
957 1810 1022 1874 in
1073 1809 1314 1890 judicio
1375 1810 1801 1890 deponuntur,
1860 1827 1941 1874 ne
2016 1810 2162 1890 quid
2214 1808 2486 1888 amplius
2548 1827 2668 1890 per
2716 1815 2935 1889 partes

556 1897 620 1962 in
664 1896 746 1962 iis
789 1899 1025 1963 mutari
1069 1897 1274 1979 possit
1317 1889 1437 1979 (B.
1485 1887 1632 1976 56.)

757 1985 947 2052 Circa
1014 1986 1510 2068 publicationem
1578 1985 2106 2066 testimoniorum,
2175 2003 2330 2067 pars
2399 1991 2650 2068 partem
2722 1984 2937 2049 verbis

561 2091 685 2139 non
732 2073 1099 2152 molestare,
1147 2075 1261 2139 sed
1292 2093 1410 2156 pro
1457 2073 1580 2139 loci
1627 2077 1695 2137 et
1731 2073 1974 2152 judicio
2010 2075 2343 2156 dignitate,
2379 2074 2572 2140 decus
2620 2079 2687 2140 et
2716 2076 2935 2139 obser-

561 2162 842 2225 vantiam
890 2179 1153 2226 servare
1199 2162 1395 2228 debet
1440 2153 1559 2243 (B.
1607 2155 1754 2238 59.)

751 2247 824 2312 ln
892 2249 1118 2315 eodem
1187 2257 1336 2314 actu
1407 2247 1859 2332 publicationis
1932 2251 2442 2315 testimoniorum
2510 2255 2640 2314 tam
2712 2253 2939 2314 contra

559 2353 892 2418 personas,
921 2353 1106 2417 quam
1157 2337 1441 2418 ipsarum
1475 2338 1923 2402 attestationes
1969 2337 2300 2418 excipitur,
2337 2337 2487 2402 dum
2536 2339 2675 2417 quis
2720 2335 2936 2400 statim

555 2443 803 2505 causas,
853 2443 1054 2505 quare
1103 2425 1202 2490 vel
1261 2425 1400 2506 ipse
1461 2425 1560 2489 vel
1617 2425 1900 2504 ipsarum
1950 2426 2401 2490 attestationes
2462 2444 2585 2490 non
2646 2425 2774 2490 sint
2823 2423 2933 2487 ad-

553 2512 932 2594 mittendae,
969 2512 1289 2595 proponit,
1324 2517 1586 2594 utputa:
1635 2513 1756 2577 Est
1800 2512 2073 2593 infamis,
2122 2514 2346 2594 minor,
2382 2514 2565 2593 latro,
2615 2512 2934 2595 perjuruS,

553 2602 654 2667 vel
699 2602 821 2667 sibi
868 2603 991 2683 ipsi
1038 2602 1399 2668 contrarius
1448 2606 1569 2667 etc.
1618 2594 1737 2681 (B.
1785 2602 1893 2667 85.
1943 2602 2120 2667 Diat.
2173 2594 2271 2683 1.)

755 2713 852 2778 De
900 2712 1057 2778 Jure
1105 2714 1438 2779 Communi
1497 2713 1668 2779 facta
1716 2715 2227 2779 testimoniorum
2274 2714 2729 2796 publicatione,
2788 2732 2936 2794 per-

553 2801 894 2866 mittuntur
941 2806 1182 2882 parteS,
1242 2802 1628 2883 participato
1697 2802 1955 2867 consilio
2003 2820 2257 2866 suorum
2320 2802 2798 2879 advocatorum,
2862 2820 2939 2865 ex

557 2888 892 2955 intervallo
940 2890 1235 2971 excipere
1301 2894 1524 2955 contra
1594 2889 1769 2953 dicta
1828 2894 1894 2954 et
1938 2907 2252 2970 personas
2312 2892 2591 2969 testium,
2651 2889 2940 2971 inprimis

561 2976 812 3056 quando
883 2995 1187 3059 expresse
1235 2977 1314 3041 de
1363 2996 1438 3042 eo
1486 2976 1728 3041 fuerint
1798 2983 2218 3058 protestatae,
2288 2977 2389 3042 rel
2452 2978 2813 3058 jnraverint
2860 2978 2939 3039 de

557 3065 893 3143 calumnia,
961 3070 1072 3130 aut
1142 3065 1560 3145 ostenderint,
1624 3066 1791 3144 quod
1840 3071 1986 3146 post
2042 3066 2537 3146 publicationem
2602 3064 2941 3130 didicerint

553 3152 636 3233 id,
687 3153 856 3232 quod
913 3154 1111 3218 velint
1155 3159 1380 3217 contra
1424 3170 1737 3234 personas
1784 3154 2042 3217 testium
2093 3172 2258 3218 nunc
2306 3154 2606 3233 oincere.

755 3261 820 3328 Si
869 3262 1295 3329 testimonium
1345 3262 1610 3343 alicuius
1669 3262 1863 3328 fuerit
1911 3270 2364 3345 oppugnatum,
2432 3284 2627 3331 causa
2674 3282 2934 3346 suspen-

557 3352 732 3417 ditur
779 3356 846 3416 et
900 3352 1080 3417 testis
1127 3369 1244 3431 per
1290 3356 1561 3432 partem,
1623 3369 1789 3431 quae
1850 3370 1991 3416 eum
2056 3353 2464 3431 produxerat,
2527 3352 2938 3427 certioratur,

560 3444 632 3504 ut
687 3455 832 3504 sese
879 3440 1070 3504 sistat
1127 3444 1192 3503 et
1250 3440 1330 3503 de
1378 3457 1570 3504 causa
1614 3438 1843 3519 rejecti
1890 3441 2256 3517 testimonii,
2318 3460 2397 3507 ex
2458 3442 2743 3524 generali
2793 3457 2938 3505 con-

557 3526 919 3603 suetudine,
981 3527 1154 3590 intra
1201 3526 1352 3591 XIV
1401 3526 1541 3591 dies
1597 3528 1765 3609 parti
1834 3526 2145 3592 adversae
2214 3530 2609 3609 respondeat
2670 3520 2787 3607 (B.
2832 3528 2939 3591 85.

565 3615 742 3680 Dicet.
787 3615 836 3681 2
881 3622 938 3677 et
980 3615 1044 3681 3.
1091 3616 1217 3679 Jua
1264 3614 1461 3678 Prov.
1509 3614 1584 3679 P.
1632 3604 1781 3693 22.)

759 3724 1091 3805 Ejusmodi
1139 3726 1322 3789 testis
1369 3743 1446 3787 ex
1493 3742 1689 3787 causa
1734 3722 2037 3803 rejectuS,
2084 3725 2137 3789 si
2184 3731 2431 3805 postea,
2496 3743 2683 3804 quam
2734 3724 2813 3788 de
2862 3744 2937 3790 eo

568 3813 806 3878 certior
871 3812 1080 3878 sactus
1127 3816 1246 3892 est,
1307 3812 1370 3875 in
1417 3811 1689 3875 termino
1736 3811 2020 3892 praefixo
2086 3829 2209 3876 non
2257 3813 2691 3892 comparuerit
2747 3817 2814 3877 et
2873 3832 2941 3877 se

562 3902 625 3965 in
690 3900 932 3980 jndicio
1001 3919 1126 3965 non
1197 3900 1607 3981 purgaverit,
1679 3898 1975 3964 redditur
2042 3898 2313 3977 infamiS,
2385 3900 2940 3977 testimoniumque

564 3987 731 4052 illius
788 3988 925 4069 ipso
964 3988 1114 4069 jure
1173 3988 1246 4052 fit
1307 3987 1546 4051 nullum
1620 3976 1739 4063 (B.
1786 3986 1895 4051 36.
1942 3987 2100 4051 Diat
2143 3992 2204 4052 6.
2252 3990 2378 4053 Jua
2427 3988 2619 4053 Prov.
2670 3988 2745 4053 P.
2790 3988 2896 4051 22.

756 4098 824 4163 Si
870 4116 1126 4163 causam
1197 4097 1693 4179 oppugnationis
1766 4103 1987 4162 contra
2056 4101 2288 4162 testem
2348 4115 2471 4162 non
2544 4098 2938 4177 probaveriS,

561 4192 708 4251 tunc
755 4186 808 4250 si
855 4186 1038 4251 testis
1083 4193 1183 4252 est
1227 4186 1542 4266 subdituS,
1590 4184 2001 4250 mulctaberis
2048 4182 2133 4248 20
2181 4203 2397 4267 sexag.
2432 4203 2653 4265 gross3
2700 4186 2939 4250 sivero

558 4278 660 4339 est
704 4273 914 4339 libera
959 4292 1242 4355 persona
1287 4279 1354 4339 et
1401 4292 1482 4339 ex
1531 4272 1804 4338 statibus
1849 4272 2053 4354 regni,
2102 4274 2185 4338 ad
2230 4273 2659 4340 revocandum
2693 4273 2937 4353 obliga-

559 4362 755 4441 beris,
826 4363 1091 4442 ipseque
1161 4380 1280 4445 per
1338 4361 1460 4427 hoc
1526 4360 1782 4426 infamis
1829 4359 2141 4428 redderis.
2216 4362 2493 4427 Proinde
2548 4362 2939 4441 „Difl‘amare

559 4466 925 4617 (ξνῗέᾴιῦειιῐι
974 4468 1281 4517 revocare
1327 4440 1561 4531 grave“
1625 4438 1748 4529 (B.
1794 4449 1901 4515 85.
1952 4450 2123 4514 Diat.
2173 4451 2234 4515 5.
2283 4452 2409 4515 Jue
2458 4450 2657 4513 Prov.
2705 4450 2782 4515 P.
2830 4449 2937 4512 22.
